{
	"results": {
		"count": 67,
		"facets": [
			{
				"name": "brand",
				"items": [
					{
						"item": "Anamma",
						"count": 15,
						"selected": false
					},
					{
						"item": "Hälsans Kök",
						"count": 9,
						"selected": false
					},
					{
						"item": "Oumph!",
						"count": 6,
						"selected": false
					},
					{
						"item": "Felix",
						"count": 4,
						"selected": false
					},
					{
						"item": "Green Cuisine",
						"count": 4,
						"selected": false
					},
					{
						"item": "Choice",
						"count": 3,
						"selected": false
					},
					{
						"item": "Coop",
						"count": 3,
						"selected": false
					},
					{
						"item": "Quorn",
						"count": 3,
						"selected": false
					},
					{
						"item": "Dafgårds",
						"count": 3,
						"selected": false
					},
					{
						"item": "MAX",
						"count": 3,
						"selected": false
					},
					{
						"item": "Peas of Heaven",
						"count": 2,
						"selected": false
					},
					{
						"item": "Kitchen Joy",
						"count": 2,
						"selected": false
					},
					{
						"item": "Svenska Färsodlarna",
						"count": 2,
						"selected": false
					},
					{
						"item": "Max Burgers",
						"count": 1,
						"selected": false
					},
					{
						"item": "MenMen",
						"count": 1,
						"selected": false
					},
					{
						"item": "Nothing F!SHY",
						"count": 1,
						"selected": false
					},
					{
						"item": "Hooked",
						"count": 1,
						"selected": false
					},
					{
						"item": "Oumph!®",
						"count": 1,
						"selected": false
					},
					{
						"item": "Grandiosa",
						"count": 1,
						"selected": false
					},
					{
						"item": "Da Carla Vego",
						"count": 1,
						"selected": false
					},
					{
						"item": "ZEINAS",
						"count": 1,
						"selected": false
					}
				]
			},
			{
				"name": "environmentalLabels",
				"items": [
					{
						"item": "Nyckelhålet",
						"count": 10,
						"selected": false
					},
					{
						"item": "Svenskt ursprung",
						"count": 2,
						"selected": false
					},
					{
						"item": "Ekologiskt",
						"count": 1,
						"selected": false
					}
				]
			}
		],
		"items": [
			{
				"id": "7310960039891",
				"type": "Product",
				"ean": "7310960039891",
				"name": "Köttfria Köttbullar",
				"manufacturerName": "Dafgårds",
				"description": "Köttfria Köttbullar.",
				"imageUrl": "http://res.cloudinary.com/coopsverige/image/upload/v1631028966/cloud/233629.jpg",
				"listOfIngredients": "VETE- och SOJAPROTEIN(vatten, textruerat VETE- och SOJAPROTEIN, VETEGLUTEN, VETESTÄRKELSE, SOJABÖNSMJÖL), lök, rapsolja, vatten, potatis, VETEMJÖL, VETEGLUTEN, SOJASÅS (vatten, SOJABÖNOR, VETE, salt), kryddor(bl.a. tomat, SELLERI), äpple, emulgeringsmedel E461, salt, svampkoncentrat, ärtstärkelse, naturlig arom, malt av KORN, bambufiber, kryddextrakt.",
				"navCategories": [
					{
						"code": "33433",
						"name": "Vegetariska bullar",
						"superCategories": [
							{
								"code": "193841567",
								"name": "Fryst",
								"superCategories": [
									{
										"code": "39033900",
										"name": "Vegetariskt",
										"superCategories": []
									}
								]
							}
						]
					},
					{
						"code": "156564064",
						"name": "Färdigt att värma",
						"superCategories": [
							{
								"code": "156563963",
								"name": "Vegetariskt",
								"superCategories": [
									{
										"code": "25854",
										"name": "Frys",
										"superCategories": []
									}
								]
							}
						]
					}
				],
				"consumerInformationText": [
					"Fryst"
				],
				"maxStorageTemperature": "-18",
				"packageSize": 500.0,
				"packageSizeInformation": "500 g",
				"packageSizeUnit": "Gram",
				"salesPrice": 46.5,
				"salesPriceData": {
					"b2cPrice": 46.5,
					"b2bPrice": 41.52
				},
				"piecePrice": 46.5,
				"piecePriceData": {
					"b2cPrice": 46.5,
					"b2bPrice": 41.52
				},
				"salesUnit": "Styck",
				"comparativePriceText": "kr/kg",
				"comparativePrice": 93.0,
				"comparativePriceData": {
					"b2cPrice": 93.0,
					"b2bPrice": 83.04
				},
				"articleSold": false,
				"deposit": 0.0,
				"depositData": {
					"b2cPrice": 0.0,
					"b2bPrice": 0.0
				},
				"vat": {
					"code": "vat-full-2",
					"value": 12.0,
					"type": "Percentage"
				},
				"nutrientLinks": [
					{
						"amount": [
							"187"
						],
						"description": "Energi",
						"unit": "Kilokalori"
					},
					{
						"amount": [
							"783"
						],
						"description": "Energi",
						"unit": "Kilojoule"
					},
					{
						"amount": [
							"10"
						],
						"description": "Fett",
						"unit": "Gram"
					},
					{
						"amount": [
							"0.8"
						],
						"description": "Varav mättat fett",
						"unit": "Gram"
					},
					{
						"amount": [
							"10"
						],
						"description": "Kolhydrat",
						"unit": "Gram"
					},
					{
						"amount": [
							"2.3"
						],
						"description": "Varav sockerarter",
						"unit": "Gram"
					},
					{
						"amount": [
							"2.7"
						],
						"description": "Fiber",
						"unit": "Gram"
					},
					{
						"amount": [
							"13"
						],
						"description": "Protein",
						"unit": "Gram"
					},
					{
						"amount": [
							"1.3"
						],
						"description": "Salt",
						"unit": "Gram"
					}
				],
				"animalFoodData": {},
				"fromSweden": false,
				"availableOnline": true,
				"countryOfOriginCodes": [
					{
						"code": "752",
						"value": "Sverige"
					}
				],
				"preparationInstructions": "Ugn: värm de frysta köttbullarna i 160°C 12-13 minuter.|PIM_MULTIVALUE_SEPARATOR|Stekpanna: Stek de frysta köttbullarna i valfritt matfett på medelstark värme 5-7 minuter. Rör om då och då.",
				"preparationInstructionsList": [
					"Ugn: värm de frysta köttbullarna i 160°C 12-13 minuter.",
					"Stekpanna: Stek de frysta köttbullarna i valfritt matfett på medelstark värme 5-7 minuter. Rör om då och då."
				],
				"isMagazine": false,
				"nutrientBasis": {
					"quantity": 100.0
				},
				"pharmaceuticalData": {
					"isPharmaceutical": false
				},
				"nutrientInformation": [
					{
						"header": {
							"nutrientBasisQuantity": 100.0,
							"nutrientBasisQuantityType": "BY_MEASURE",
							"nutrientBasisQuantityUnit": {
								"code": "GRM",
								"value": "Gram"
							}
						}
					}
				],
				"sustainabilityInfoApplicable": true
			},
			{
				"id": "7310240121117",
				"type": "Product",
				"ean": "7310240121117",
				"name": "Vegofärs  ",
				"manufacturerName": "Anamma",
				"description": "Anammas vegofärs är baserad på sojaprotein och fri från gluten.Denna fantastiska vegofärs är rik på protein och glutenfri. Sojafärsen passar utmärkt att använda i rätter som vegetarisk lasagne och tacos.\n\nAnamma står för riktigt god vegansk mat som lagas med omtanke för dig, djuren och miljön. Den formbara vegofärsen har cirka 90% mindre klimatpåverkan än svensk köttfärs. Läs mer om Anamma och hur de har räknat ut klimatpåverkan på anamma.eu",
				"imageUrl": "http://res.cloudinary.com/coopsverige/image/upload/v1696249512/cloud/292160.tiff",
				"listOfIngredients": "Vatten, SOJAprotein (26 %), rapsolja, lök, salt, kryddor, äppelextrakt, naturlig arom.",
				"navCategories": [
					{
						"code": "33430",
						"name": "Vegetarisk färs",
						"superCategories": [
							{
								"code": "193841567",
								"name": "Fryst",
								"superCategories": [
									{
										"code": "39033900",
										"name": "Vegetariskt",
										"superCategories": []
									}
								]
							}
						]
					},
					{
						"code": "156564005",
						"name": "Färs, Filé & bitar",
						"superCategories": [
							{
								"code": "156563963",
								"name": "Vegetariskt",
								"superCategories": [
									{
										"code": "25854",
										"name": "Frys",
										"superCategories": []
									}
								]
							}
						]
					}
				],
				"accreditedTags": [
					{
						"code": "NYCKELHALET",
						"description": "Nyckelhålet",
						"imageUrl": "https://res.cloudinary.com/coopsverige/image/upload/v1618910221/cooponline/Labels%27/nyckelhal_RGB.png",
						"priority": 240
					}
				],
				"consumerInformationText": [
					"Fryst"
				],
				"maxStorageTemperature": "-18",
				"packageSize": 1000.0,
				"packageSizeInformation": "1000 g",
				"packageSizeUnit": "Gram",
				"salesPrice": 81.95,
				"salesPriceData": {
					"b2cPrice": 81.95,
					"b2bPrice": 73.17
				},
				"piecePrice": 81.95,
				"piecePriceData": {
					"b2cPrice": 81.95,
					"b2bPrice": 73.17
				},
				"salesUnit": "Styck",
				"comparativePriceText": "kr/kg",
				"comparativePrice": 81.95,
				"comparativePriceData": {
					"b2cPrice": 81.95,
					"b2bPrice": 73.17
				},
				"articleSold": false,
				"deposit": 0.0,
				"depositData": {
					"b2cPrice": 0.0,
					"b2bPrice": 0.0
				},
				"vat": {
					"code": "vat-full-2",
					"value": 12.0,
					"type": "Percentage"
				},
				"nutrientLinks": [
					{
						"amount": [
							"780"
						],
						"description": "Energi",
						"unit": "Kilojoule"
					},
					{
						"amount": [
							"186"
						],
						"description": "Energi",
						"unit": "Kilokalori"
					},
					{
						"amount": [
							"9.8"
						],
						"description": "Fett",
						"unit": "Gram"
					},
					{
						"amount": [
							"0.8"
						],
						"description": "Varav mättat fett",
						"unit": "Gram"
					},
					{
						"amount": [
							"4.6"
						],
						"description": "Kolhydrat",
						"unit": "Gram"
					},
					{
						"amount": [
							"1.1"
						],
						"description": "Varav sockerarter",
						"unit": "Gram"
					},
					{
						"amount": [
							"5.2"
						],
						"description": "Fiber",
						"unit": "Gram"
					},
					{
						"amount": [
							"17"
						],
						"description": "Protein",
						"unit": "Gram"
					},
					{
						"amount": [
							"0.73"
						],
						"description": "Salt",
						"unit": "Gram"
					}
				],
				"animalFoodData": {},
				"allergyInfo": [
					{
						"code": "VEGAN"
					}
				],
				"fromSweden": false,
				"availableOnline": true,
				"countryOfOriginCodes": [
					{
						"code": "752",
						"value": "Sverige"
					}
				],
				"nutritionalClaimData": {
					"nutritionalClaimTypeCode": {
						"code": "FREE_FROM",
						"value": "FREE_FROM"
					},
					"nutritionalClaimNutrientElementCode": {
						"code": "GLUTEN",
						"value": "GLUTEN"
					},
					"claimMarkedOnPackage": "TRUE"
				},
				"consumerInstructions": {
					"storageInstructions": "Djupfryst -18 °C eller lägre. Bör inte frysas efter upptining"
				},
				"preparationInstructions": "Tillagas från fryst. Stek i olja på medelhög värme ca 10 min tills färsen fått fin stekyta. Rör om någon gång under tillagningstiden. Kontrollera att produkten är genomvarm innan servering.",
				"preparationInstructionsList": [
					"Tillagas från fryst. Stek i olja på medelhög värme ca 10 min tills färsen fått fin stekyta. Rör om någon gång under tillagningstiden. Kontrollera att produkten är genomvarm innan servering."
				],
				"isMagazine": false,
				"nutrientBasis": {
					"quantity": 100.0
				},
				"pharmaceuticalData": {
					"isPharmaceutical": false
				},
				"nutrientInformation": [
					{
						"header": {
							"nutrientBasisQuantity": 100.0,
							"nutrientBasisQuantityType": "BY_MEASURE",
							"nutrientBasisQuantityUnit": {
								"code": "GRM",
								"value": "Gram"
							}
						}
					}
				],
				"regulatedProductName": "Vegansk sojafärs",
				"sustainabilityInfoApplicable": true
			},
			{
				"id": "5019503006377",
				"type": "Product",
				"ean": "5019503006377",
				"name": "Bitar",
				"manufacturerName": "Quorn",
				"description": "Quorn Bitar är det perfekta vegetariska alternativet. Härligt goda och saftiga bitar som är både protein- och fiberrika och har en låg halt av mättat fett. Ovo-vegetariska Quorn Bitar är både glutenfria och bättre för planeten. Passar perfekt när man vill tillaga familjens favoriträtter som vegetariska wok- och curryrätter eller andra grytor och fajitas.Koldioxidavtrycket för Quorn Bitar är 0,18kg CO2e per 100 g, så det har aldrig varit enklare att göra ett klimatsmart middagsval. På Quorn producerar vi vårt eget unika protein, Mycoprotein. Det är en hållbar näringsriktig proteinkälla som är naturligt rik på fibrer samt är fri från soja. Hitta oss på Facebook och Instagram. Upptäck fler Quorn-recept och utforska hela utbudet på quorn.se.",
				"imageUrl": "http://res.cloudinary.com/coopsverige/image/upload/v1655280607/cloud/253685.tiff",
				"listOfIngredients": "Mycoprotein (95 %), rehydrerad ÄGGVITA från frigående höns, naturliga aromämnen, stabiliseringmedel: kalciumklorid, kalciumacetat.",
				"navCategories": [
					{
						"code": "33435",
						"name": "Övrig vegetariskt",
						"superCategories": [
							{
								"code": "193841567",
								"name": "Fryst",
								"superCategories": [
									{
										"code": "39033900",
										"name": "Vegetariskt",
										"superCategories": []
									}
								]
							}
						]
					},
					{
						"code": "156564005",
						"name": "Färs, Filé & bitar",
						"superCategories": [
							{
								"code": "156563963",
								"name": "Vegetariskt",
								"superCategories": [
									{
										"code": "25854",
										"name": "Frys",
										"superCategories": []
									}
								]
							}
						]
					}
				],
				"consumerInformationText": [
					"Fryst"
				],
				"maxStorageTemperature": "-18",
				"packageSize": 300.0,
				"packageSizeInformation": "300 g",
				"packageSizeUnit": "Gram",
				"salesPrice": 37.5,
				"salesPriceData": {
					"b2cPrice": 37.5,
					"b2bPrice": 33.48
				},
				"piecePrice": 37.5,
				"piecePriceData": {
					"b2cPrice": 37.5,
					"b2bPrice": 33.48
				},
				"promotionPrice": 25.0,
				"promotionPriceData": {
					"b2cPrice": 25.0,
					"b2bPrice": 22.32
				},
				"salesUnit": "Styck",
				"comparativePriceText": "kr/kg",
				"comparativePrice": 125.0,
				"comparativePriceData": {
					"b2cPrice": 125.0,
					"b2bPrice": 111.61
				},
				"articleSold": false,
				"deposit": 0.0,
				"depositData": {
					"b2cPrice": 0.0,
					"b2bPrice": 0.0
				},
				"vat": {
					"code": "vat-full-2",
					"value": 12.0,
					"type": "Percentage"
				},
				"nutrientLinks": [
					{
						"amount": [
							"417"
						],
						"description": "Energi",
						"unit": "Kilojoule"
					},
					{
						"amount": [
							"99"
						],
						"description": "Energi",
						"unit": "Kilokalori"
					},
					{
						"amount": [
							"2.6"
						],
						"description": "Fett",
						"unit": "Gram"
					},
					{
						"amount": [
							"0.8"
						],
						"description": "Varav mättat fett",
						"unit": "Gram"
					},
					{
						"amount": [
							"1.7"
						],
						"description": "Kolhydrat",
						"unit": "Gram"
					},
					{
						"amount": [
							"0.6"
						],
						"description": "Varav sockerarter",
						"unit": "Gram"
					},
					{
						"amount": [
							"7.1"
						],
						"description": "Fiber",
						"unit": "Gram"
					},
					{
						"amount": [
							"14"
						],
						"description": "Protein",
						"unit": "Gram"
					},
					{
						"amount": [
							"0.80"
						],
						"description": "Salt",
						"unit": "Gram"
					}
				],
				"animalFoodData": {},
				"onlinePromotions": [
					{
						"id": "016001_132447",
						"price": 25.0,
						"priceData": {
							"b2cPrice": 25.0,
							"b2bPrice": 22.32
						},
						"piecePrice": 25.0,
						"piecePriceData": {
							"b2cPrice": 25.0,
							"b2bPrice": 22.32
						},
						"startDate": "2025-01-26T23:00:00Z",
						"endDate": "2025-03-09T23:00:00Z",
						"message": "Medlemspris-Bitar-25:- /st",
						"type": "FIXED_PRICE",
						"medMeraRequired": true,
						"priority": 930,
						"comparativePrice": {
							"b2cPrice": 83.33,
							"b2bPrice": 74.4
						}
					}
				],
				"fromSweden": false,
				"availableOnline": true,
				"countryOfOriginCodes": [
					{
						"code": "826",
						"value": "Storbritannien"
					}
				],
				"nutritionalClaimData": {
					"nutritionalClaimTypeCode": {
						"code": "FREE_FROM",
						"value": "FREE_FROM"
					},
					"nutritionalClaimNutrientElementCode": {
						"code": "GLUTEN",
						"value": "GLUTEN"
					},
					"claimMarkedOnPackage": "TRUE"
				},
				"consumerInstructions": {
					"storageInstructions": "Förvaras djupfryst under –18 °C. Får inte frysas igen efter upptining."
				},
				"preparationInstructions": "Kan tillagas fryst. Receptet gäller för en förpackning (ca 4 pers).Quorn™ Bitar är verkligen lättlagade, du kan tillaga dem från fryst på bara 12 minuter. Om du tillsätter dem i en sås, värmer du bara såsen (cirka 420g) och tillsätter sedan Quorn™ Bitar (300g). Täck och låt sjuda i 12 minuter. Rör om då och då.Alla spisar är olika, detta är endast riktlinjer. Kontrollera att produkten är genomvarm före servering.",
				"preparationInstructionsList": [
					"Kan tillagas fryst. Receptet gäller för en förpackning (ca 4 pers).Quorn™ Bitar är verkligen lättlagade, du kan tillaga dem från fryst på bara 12 minuter. Om du tillsätter dem i en sås, värmer du bara såsen (cirka 420g) och tillsätter sedan Quorn™ Bitar (300g). Täck och låt sjuda i 12 minuter. Rör om då och då.Alla spisar är olika, detta är endast riktlinjer. Kontrollera att produkten är genomvarm före servering."
				],
				"isMagazine": false,
				"historicalPriceData": {
					"b2cPrice": 37.5,
					"b2bPrice": 33.48
				},
				"nutrientBasis": {
					"quantity": 100.0
				},
				"pharmaceuticalData": {
					"isPharmaceutical": false
				},
				"nutrientInformation": [
					{
						"header": {
							"nutrientBasisQuantity": 100.0,
							"nutrientBasisQuantityUnit": {
								"code": "GRM",
								"value": "Gram"
							}
						}
					}
				],
				"sustainabilityInfo": [
					{
						"productScore": [
							{
								"score": 4.0,
								"param": "Biologisk mångfald",
								"paramId": "biodiversity"
							},
							{
								"score": 2.0,
								"param": "Klimat",
								"paramId": "climate"
							},
							{
								"score": 1.0,
								"param": "Bördighet",
								"paramId": "soil_fertility"
							},
							{
								"score": 2.0,
								"param": "Vatten",
								"paramId": "water"
							},
							{
								"score": 3.0,
								"param": "Bekämpningsmedel",
								"paramId": "pesticides"
							},
							{
								"score": 3.0,
								"param": "Övergödning",
								"paramId": "eutrophication"
							},
							{
								"score": null,
								"param": "Djuromsorg och antibiotika",
								"paramId": "animal_welfare_antibiotics"
							},
							{
								"score": 2.0,
								"param": "Arbetsförhållanden",
								"paramId": "working_conditions"
							},
							{
								"score": 2.0,
								"param": "Lokalbefolkning",
								"paramId": "local_population"
							},
							{
								"score": 1.0,
								"param": "Lagefterlevnad och spårbarhet",
								"paramId": "compliance_traceability"
							}
						]
					}
				],
				"sustainabilityInfoApplicable": true
			},
			{
				"id": "5019503015850",
				"type": "Product",
				"ean": "5019503015850",
				"name": "Filéer",
				"manufacturerName": "Quorn",
				"description": "Quorns ovo -vegetariska filéer är en god och mångsidig fryst produkt. Tillaga i 12 minuter och servera med rostade rotfrukter eller strimlad i en varm sallad. Quorn Filéer, som är protein- och fiberrika och har en låg halt av mättat fett, gör det lättare att äta mer hälsosamt och minska din köttkonsumtion. De är även snällare mot planeten.\n\nPå Quorn producerar vi vårt eget unika protein, Mycoprotein. Det är en hållbar näringsriktig proteinkälla som är naturligt rik på fibrer samt är fri från soja. Hitta oss på Facebook och Instagram. Upptäck fler Quorn-recept och utforska hela utbudet på quorn.se.",
				"imageUrl": "http://res.cloudinary.com/coopsverige/image/upload/v1655280547/cloud/253678.tiff",
				"listOfIngredients": "Mycoprotein (85 %), rehydrerad ÄGGVITA från frigående höns, naturliga aromämnen, stabiliseringsmedel: kalciumklorid, kalciumacetat; geleringsmedel: pektin.",
				"navCategories": [
					{
						"code": "33429",
						"name": "Vegetarisk filé",
						"superCategories": [
							{
								"code": "193841567",
								"name": "Fryst",
								"superCategories": [
									{
										"code": "39033900",
										"name": "Vegetariskt",
										"superCategories": []
									}
								]
							}
						]
					},
					{
						"code": "156564005",
						"name": "Färs, Filé & bitar",
						"superCategories": [
							{
								"code": "156563963",
								"name": "Vegetariskt",
								"superCategories": [
									{
										"code": "25854",
										"name": "Frys",
										"superCategories": []
									}
								]
							}
						]
					}
				],
				"consumerInformationText": [
					"Fryst"
				],
				"maxStorageTemperature": "-18",
				"packageSize": 312.0,
				"packageSizeInformation": "312g",
				"packageSizeUnit": "Gram",
				"salesPrice": 37.5,
				"salesPriceData": {
					"b2cPrice": 37.5,
					"b2bPrice": 33.48
				},
				"piecePrice": 37.5,
				"piecePriceData": {
					"b2cPrice": 37.5,
					"b2bPrice": 33.48
				},
				"promotionPrice": 25.0,
				"promotionPriceData": {
					"b2cPrice": 25.0,
					"b2bPrice": 22.32
				},
				"salesUnit": "Styck",
				"comparativePriceText": "kr/kg",
				"comparativePrice": 120.19,
				"comparativePriceData": {
					"b2cPrice": 120.19,
					"b2bPrice": 107.31
				},
				"articleSold": false,
				"deposit": 0.0,
				"depositData": {
					"b2cPrice": 0.0,
					"b2bPrice": 0.0
				},
				"vat": {
					"code": "vat-full-2",
					"value": 12.0,
					"type": "Percentage"
				},
				"nutrientLinks": [
					{
						"amount": [
							"353"
						],
						"description": "Energi",
						"unit": "Kilojoule"
					},
					{
						"amount": [
							"84"
						],
						"description": "Energi",
						"unit": "Kilokalori"
					},
					{
						"amount": [
							"1.6"
						],
						"description": "Fett",
						"unit": "Gram"
					},
					{
						"amount": [
							"0.7"
						],
						"description": "Varav mättat fett",
						"unit": "Gram"
					},
					{
						"amount": [
							"1.9"
						],
						"description": "Kolhydrat",
						"unit": "Gram"
					},
					{
						"amount": [
							"0.7"
						],
						"description": "Varav sockerarter",
						"unit": "Gram"
					},
					{
						"amount": [
							"5.5"
						],
						"description": "Fiber",
						"unit": "Gram"
					},
					{
						"amount": [
							"13"
						],
						"description": "Protein",
						"unit": "Gram"
					},
					{
						"amount": [
							"0.80"
						],
						"description": "Salt",
						"unit": "Gram"
					}
				],
				"animalFoodData": {},
				"onlinePromotions": [
					{
						"id": "016001_132448",
						"price": 25.0,
						"priceData": {
							"b2cPrice": 25.0,
							"b2bPrice": 22.32
						},
						"piecePrice": 25.0,
						"piecePriceData": {
							"b2cPrice": 25.0,
							"b2bPrice": 22.32
						},
						"startDate": "2025-01-26T23:00:00Z",
						"endDate": "2025-03-09T23:00:00Z",
						"message": "Medlemspris-Filéer-25:- /st",
						"type": "FIXED_PRICE",
						"medMeraRequired": true,
						"priority": 930,
						"comparativePrice": {
							"b2cPrice": 80.13,
							"b2bPrice": 71.54
						}
					}
				],
				"fromSweden": false,
				"availableOnline": true,
				"countryOfOriginCodes": [
					{
						"code": "826",
						"value": "Storbritannien"
					}
				],
				"nutritionalClaimData": {
					"nutritionalClaimTypeCode": {
						"code": "FREE_FROM",
						"value": "FREE_FROM"
					},
					"nutritionalClaimNutrientElementCode": {
						"code": "GLUTEN",
						"value": "GLUTEN"
					},
					"claimMarkedOnPackage": "TRUE"
				},
				"consumerInstructions": {
					"storageInstructions": "Förvaras djupfryst under –18 °C. Får inte frysas igen efter upptining."
				},
				"preparationInstructions": "Quorn™ Filéer är verkligen lättlagade, värm bara din sås och lägg i Quorn™ Filéer. Täck och låt sjuda i 12 minuter. Rör om då och då. Minska tillagningstiden om produkten tinat något.\nAlla spisar är olika, detta är endast riktlinjer. Kontrollera att produkten är genomvarm före servering.",
				"preparationInstructionsList": [
					"Quorn™ Filéer är verkligen lättlagade, värm bara din sås och lägg i Quorn™ Filéer. Täck och låt sjuda i 12 minuter. Rör om då och då. Minska tillagningstiden om produkten tinat något.\nAlla spisar är olika, detta är endast riktlinjer. Kontrollera att produkten är genomvarm före servering."
				],
				"isMagazine": false,
				"historicalPriceData": {
					"b2cPrice": 37.5,
					"b2bPrice": 33.48
				},
				"nutrientBasis": {
					"quantity": 100.0
				},
				"pharmaceuticalData": {
					"isPharmaceutical": false
				},
				"nutrientInformation": [
					{
						"header": {
							"nutrientBasisQuantity": 100.0,
							"nutrientBasisQuantityType": "BY_MEASURE",
							"nutrientBasisQuantityUnit": {
								"code": "GRM",
								"value": "Gram"
							}
						}
					}
				],
				"sustainabilityInfo": [
					{
						"productScore": [
							{
								"score": 4.0,
								"param": "Biologisk mångfald",
								"paramId": "biodiversity"
							},
							{
								"score": 2.0,
								"param": "Klimat",
								"paramId": "climate"
							},
							{
								"score": 1.0,
								"param": "Bördighet",
								"paramId": "soil_fertility"
							},
							{
								"score": 2.0,
								"param": "Vatten",
								"paramId": "water"
							},
							{
								"score": 3.0,
								"param": "Bekämpningsmedel",
								"paramId": "pesticides"
							},
							{
								"score": 3.0,
								"param": "Övergödning",
								"paramId": "eutrophication"
							},
							{
								"score": null,
								"param": "Djuromsorg och antibiotika",
								"paramId": "animal_welfare_antibiotics"
							},
							{
								"score": 2.0,
								"param": "Arbetsförhållanden",
								"paramId": "working_conditions"
							},
							{
								"score": 2.0,
								"param": "Lokalbefolkning",
								"paramId": "local_population"
							},
							{
								"score": 1.0,
								"param": "Lagefterlevnad och spårbarhet",
								"paramId": "compliance_traceability"
							}
						]
					}
				],
				"sustainabilityInfoApplicable": true
			},
			{
				"id": "7290115203844",
				"type": "Product",
				"ean": "7290115203844",
				"name": "Schnitzel Plantbaserad",
				"manufacturerName": "Hälsans Kök",
				"description": "Prova Hälsans Köks Vegan Schnitzel med perfekt tuggmotstånd. Schnitzeln är täckt med en god panering som blir krispig när den ugnsbakas eller steks för en utsökt smakupplevelse. Vår veganska schnitzel är rik på protein och är även en källa till fiber. Denna mångsidiga schnitzel är ett enkelt sätt att göra en god och hälsosam vego-måltid. Servera den med dina favoritgrönsaker, sallad eller olika sorters potatis. Inga om och men, vi kompromissar aldrig med smaken!",
				"imageUrl": "http://res.cloudinary.com/coopsverige/image/upload/v1657516647/cloud/255524.tiff",
				"listOfIngredients": "Ingredienser: Vatten/vann, ströbröd/rasp/kavring 24.5% (VETEMJÖL/HVEDE-/HVETEMEL, socker/sukker, VETE-/HVEDE-/HVETEPROTEIN, jäst/gær/gjær, salt, vegetabilisk olja/olje (solros/solsikke) kryddextrakt/krydderiekstrakt (paprika, gurkmeja/gurkemeie, gurkemeje)), SOJA-/SOYAPROTEIN 14%, vegetabilisk olja/olje (raps, solros/solsikke), VETEMJÖL/HVEDE-/HVETEMEL, majsstärkelse/-stivelse, ättika/eddike, stabiliseringsmedel/ stabilisator (metylcellulosa, guarkärnmjöl/guargummi/guarkjernemel), citrusfibre, naturliga aromer, salt, lök-/løg-/løkpulver, vitlöks-/hvidløgs-/hvitløkspulver, surhetsreglerande medel/surhetsregulerende middel (kaliumhydroxid/kaliumhydroksid), socker/sukker. Kan innehålla/indeholde SELLERI, ÄGG/ÆG/EGG, SENAP/SENNEP och SESAMFRÖN/SESAMFRØ.",
				"navCategories": [
					{
						"code": "33435",
						"name": "Övrig vegetariskt",
						"superCategories": [
							{
								"code": "193841567",
								"name": "Fryst",
								"superCategories": [
									{
										"code": "39033900",
										"name": "Vegetariskt",
										"superCategories": []
									}
								]
							}
						]
					}
				],
				"accreditedTags": [
					{
						"code": "EUROPEAN_V_LABEL_VEGAN"
					}
				],
				"consumerInformationText": [
					"Fryst"
				],
				"maxStorageTemperature": "-18",
				"packageSize": 720.0,
				"packageSizeInformation": "720 g",
				"packageSizeUnit": "Gram",
				"salesPrice": 85.95,
				"salesPriceData": {
					"b2cPrice": 85.95,
					"b2bPrice": 76.74
				},
				"piecePrice": 85.95,
				"piecePriceData": {
					"b2cPrice": 85.95,
					"b2bPrice": 76.74
				},
				"salesUnit": "Styck",
				"comparativePriceText": "kr/kg",
				"comparativePrice": 119.38,
				"comparativePriceData": {
					"b2cPrice": 119.38,
					"b2bPrice": 106.59
				},
				"articleSold": false,
				"deposit": 0.0,
				"depositData": {
					"b2cPrice": 0.0,
					"b2bPrice": 0.0
				},
				"vat": {
					"code": "vat-full-2",
					"value": 12.0,
					"type": "Percentage"
				},
				"nutrientLinks": [
					{
						"amount": [
							"222"
						],
						"description": "Energi",
						"unit": "Kilokalori"
					},
					{
						"amount": [
							"924"
						],
						"description": "Energi",
						"unit": "Kilojoule"
					},
					{
						"amount": [
							"12.0"
						],
						"description": "Fett",
						"unit": "Gram"
					},
					{
						"amount": [
							"1.2"
						],
						"description": "Varav mättat fett",
						"unit": "Gram"
					},
					{
						"amount": [
							"11.8"
						],
						"description": "Kolhydrat",
						"unit": "Gram"
					},
					{
						"amount": [
							"0.6"
						],
						"description": "Varav sockerarter",
						"unit": "Gram"
					},
					{
						"amount": [
							"6.2"
						],
						"description": "Fiber",
						"unit": "Gram"
					},
					{
						"amount": [
							"13.5"
						],
						"description": "Protein",
						"unit": "Gram"
					},
					{
						"amount": [
							"0.8"
						],
						"description": "Salt",
						"unit": "Gram"
					}
				],
				"animalFoodData": {},
				"allergyInfo": [
					{
						"code": "VEGAN"
					}
				],
				"fromSweden": false,
				"availableOnline": true,
				"countryOfOriginCodes": [
					{
						"code": "203",
						"value": "Tjeckien"
					}
				],
				"preparationInstructions": "Tillagning från fryst: Lite olja i en stekpanna. Stek i 3-5 minuter. Vänd då och då. |PIM_MULTIVALUE_SEPARATOR|Tillagning från fryst: Förvärm ugnen till 200 C.  Baka på en smord bakplåt i 10-13 min. Vänd en gång.",
				"preparationInstructionsList": [
					"Tillagning från fryst: Lite olja i en stekpanna. Stek i 3-5 minuter. Vänd då och då.",
					"Tillagning från fryst: Förvärm ugnen till 200 C.  Baka på en smord bakplåt i 10-13 min. Vänd en gång."
				],
				"isMagazine": false,
				"nutrientBasis": {
					"quantity": 100.0
				},
				"pharmaceuticalData": {
					"isPharmaceutical": false
				},
				"nutrientInformation": [
					{
						"header": {
							"nutrientBasisQuantity": 100.0,
							"nutrientBasisQuantityType": "BY_MEASURE",
							"nutrientBasisQuantityUnit": {
								"code": "GRM",
								"value": "Gram"
							}
						}
					}
				],
				"sustainabilityInfo": [
					{
						"productScore": [
							{
								"score": 3.5,
								"param": "Biologisk mångfald",
								"paramId": "biodiversity"
							},
							{
								"score": 1.5,
								"param": "Klimat",
								"paramId": "climate"
							},
							{
								"score": 2.0,
								"param": "Bördighet",
								"paramId": "soil_fertility"
							},
							{
								"score": 2.5,
								"param": "Vatten",
								"paramId": "water"
							},
							{
								"score": 3.0,
								"param": "Bekämpningsmedel",
								"paramId": "pesticides"
							},
							{
								"score": 2.5,
								"param": "Övergödning",
								"paramId": "eutrophication"
							},
							{
								"score": null,
								"param": "Djuromsorg och antibiotika",
								"paramId": "animal_welfare_antibiotics"
							},
							{
								"score": 2.5,
								"param": "Arbetsförhållanden",
								"paramId": "working_conditions"
							},
							{
								"score": 3.0,
								"param": "Lokalbefolkning",
								"paramId": "local_population"
							},
							{
								"score": 3.5,
								"param": "Lagefterlevnad och spårbarhet",
								"paramId": "compliance_traceability"
							}
						]
					}
				],
				"sustainabilityInfoApplicable": true
			},
			{
				"id": "7316641015505",
				"type": "Product",
				"ean": "7316641015505",
				"name": "Ch*cken Pieces",
				"manufacturerName": "Oumph!",
				"description": "Naturella Oumph! chunks som du kan krydda eller marinera precis hur du vill - oändliga möjligheter!",
				"imageUrl": "http://res.cloudinary.com/coopsverige/image/upload/v1716199718/cloud/355842.tiff",
				"listOfIngredients": "INGREDIENSER: Vatten, SOJAproteinkoncentrat 25%, rapsolja, naturlig arom, salt.",
				"navCategories": [
					{
						"code": "33435",
						"name": "Övrig vegetariskt",
						"superCategories": [
							{
								"code": "193841567",
								"name": "Fryst",
								"superCategories": [
									{
										"code": "39033900",
										"name": "Vegetariskt",
										"superCategories": []
									}
								]
							}
						]
					}
				],
				"consumerInformationText": [
					"Fryst"
				],
				"maxStorageTemperature": "-18",
				"packageSize": 700.0,
				"packageSizeInformation": "700 g",
				"packageSizeUnit": "Gram",
				"salesPrice": 87.5,
				"salesPriceData": {
					"b2cPrice": 87.5,
					"b2bPrice": 78.13
				},
				"piecePrice": 87.5,
				"piecePriceData": {
					"b2cPrice": 87.5,
					"b2bPrice": 78.13
				},
				"salesUnit": "Styck",
				"comparativePriceText": "kr/kg",
				"comparativePrice": 125.0,
				"comparativePriceData": {
					"b2cPrice": 125.0,
					"b2bPrice": 111.61
				},
				"articleSold": false,
				"deposit": 0.0,
				"depositData": {
					"b2cPrice": 0.0,
					"b2bPrice": 0.0
				},
				"vat": {
					"code": "vat-full-2",
					"value": 12.0,
					"type": "Percentage"
				},
				"nutrientLinks": [
					{
						"amount": [
							"100"
						],
						"description": "Energi",
						"unit": "Kilokalori"
					},
					{
						"amount": [
							"418"
						],
						"description": "Energi",
						"unit": "Kilojoule"
					},
					{
						"amount": [
							"2.9"
						],
						"description": "Fett",
						"unit": "Gram"
					},
					{
						"amount": [
							"0.3"
						],
						"description": "Varav mättat fett",
						"unit": "Gram"
					},
					{
						"amount": [
							"0.4"
						],
						"description": "Kolhydrat",
						"unit": "Gram"
					},
					{
						"amount": [
							"0.0"
						],
						"description": "Varav sockerarter",
						"unit": "Gram"
					},
					{
						"amount": [
							"4.4"
						],
						"description": "Fiber",
						"unit": "Gram"
					},
					{
						"amount": [
							"15.9"
						],
						"description": "Protein",
						"unit": "Gram"
					},
					{
						"amount": [
							"1.5"
						],
						"description": "Salt",
						"unit": "Gram"
					},
					{
						"amount": [
							"33.7"
						],
						"description": "Folsyra",
						"unit": "Mikrogram",
						"percentageOfDailyIntake": "17"
					},
					{
						"amount": [
							"3.5"
						],
						"description": "Järn",
						"unit": "Milligram",
						"percentageOfDailyIntake": "25"
					}
				],
				"animalFoodData": {},
				"fromSweden": false,
				"availableOnline": true,
				"countryOfOriginCodes": [
					{
						"code": "752",
						"value": "Sverige"
					}
				],
				"preparationInstructions": "TILLAGNING: Krydda eller marinera bitarna som du vill och stek sedan i olja 4-5 minuter. Det ska bli riktig stekyta! Blanda med det du gillar! Vi gillar Oumph! med färska grönsaker, kryddningar och såser. Gör du en gryta, lägg i stekt Oumph! sist så den blir varm. Enjoy!",
				"preparationInstructionsList": [
					"TILLAGNING: Krydda eller marinera bitarna som du vill och stek sedan i olja 4-5 minuter. Det ska bli riktig stekyta! Blanda med det du gillar! Vi gillar Oumph! med färska grönsaker, kryddningar och såser. Gör du en gryta, lägg i stekt Oumph! sist så den blir varm. Enjoy!"
				],
				"isMagazine": false,
				"nutrientBasis": {
					"quantity": 100.0
				},
				"pharmaceuticalData": {
					"isPharmaceutical": false
				},
				"nutrientInformation": [
					{
						"header": {
							"nutrientBasisQuantity": 100.0,
							"nutrientBasisQuantityType": "BY_MEASURE",
							"nutrientBasisQuantityUnit": {
								"code": "GRM",
								"value": "Gram"
							}
						}
					}
				],
				"regulatedProductName": "Veganska bitar",
				"sustainabilityInfoApplicable": true
			},
			{
				"id": "7340191132405",
				"type": "Product",
				"ean": "7340191132405",
				"name": "Vegofärs",
				"manufacturerName": "Coop",
				"imageUrl": "http://res.cloudinary.com/coopsverige/image/upload/v1669909320/cloud/268265.tiff",
				"listOfIngredients": "INGREDIENSER: Vatten, SOJAPROTEIN 29% (Serbien), rapsolja, lökpulver, salt, äppeljuicekoncentrat, karamelliserat socker.",
				"navCategories": [
					{
						"code": "33430",
						"name": "Vegetarisk färs",
						"superCategories": [
							{
								"code": "193841567",
								"name": "Fryst",
								"superCategories": [
									{
										"code": "39033900",
										"name": "Vegetariskt",
										"superCategories": []
									}
								]
							}
						]
					},
					{
						"code": "334601",
						"name": "Vegetarisk färs",
						"superCategories": [
							{
								"code": "156564441",
								"name": "Vegetariskt",
								"superCategories": [
									{
										"code": "5377683",
										"name": "Färdigmat & Mellanmål",
										"superCategories": []
									}
								]
							}
						]
					}
				],
				"accreditedTags": [
					{
						"code": "NYCKELHALET",
						"description": "Nyckelhålet",
						"imageUrl": "https://res.cloudinary.com/coopsverige/image/upload/v1618910221/cooponline/Labels%27/nyckelhal_RGB.png",
						"priority": 240
					}
				],
				"consumerInformationText": [
					"Fryst"
				],
				"maxStorageTemperature": "-18",
				"packageSize": 1000.0,
				"packageSizeInformation": "1000 g",
				"packageSizeUnit": "Gram",
				"salesPrice": 69.95,
				"salesPriceData": {
					"b2cPrice": 69.95,
					"b2bPrice": 62.46
				},
				"piecePrice": 69.95,
				"piecePriceData": {
					"b2cPrice": 69.95,
					"b2bPrice": 62.46
				},
				"salesUnit": "Styck",
				"comparativePriceText": "kr/kg",
				"comparativePrice": 69.95,
				"comparativePriceData": {
					"b2cPrice": 69.95,
					"b2bPrice": 62.46
				},
				"articleSold": false,
				"deposit": 0.0,
				"depositData": {
					"b2cPrice": 0.0,
					"b2bPrice": 0.0
				},
				"vat": {
					"code": "vat-full-2",
					"value": 12.0,
					"type": "Percentage"
				},
				"nutrientLinks": [
					{
						"amount": [
							"190"
						],
						"description": "Energi",
						"unit": "Kilokalori"
					},
					{
						"amount": [
							"793"
						],
						"description": "Energi",
						"unit": "Kilojoule"
					},
					{
						"amount": [
							"9.8"
						],
						"description": "Fett",
						"unit": "Gram"
					},
					{
						"amount": [
							"0.7"
						],
						"description": "Varav mättat fett",
						"unit": "Gram"
					},
					{
						"amount": [
							"7"
						],
						"description": "Kolhydrat",
						"unit": "Gram"
					},
					{
						"amount": [
							"2.8"
						],
						"description": "Varav sockerarter",
						"unit": "Gram"
					},
					{
						"amount": [
							"4.9"
						],
						"description": "Fiber",
						"unit": "Gram"
					},
					{
						"amount": [
							"16"
						],
						"description": "Protein",
						"unit": "Gram"
					},
					{
						"amount": [
							"0.6"
						],
						"description": "Salt",
						"unit": "Gram"
					}
				],
				"animalFoodData": {},
				"fromSweden": false,
				"availableOnline": true,
				"countryOfOriginCodes": [
					{
						"code": "752",
						"value": "Sverige"
					}
				],
				"consumerInstructions": {
					"storageInstructions": "FÖRVARING: -18°C eller kallare."
				},
				"preparationInstructions": "TILLAGNING: Hetta upp ca 1 tsk neutral olja i en stekpanna på högsta värme. Lägg i den frysta färsen och sänk till medelvärme. Stek ca 8-12 min. Rör om några gånger under stekningen.",
				"preparationInstructionsList": [
					"TILLAGNING: Hetta upp ca 1 tsk neutral olja i en stekpanna på högsta värme. Lägg i den frysta färsen och sänk till medelvärme. Stek ca 8-12 min. Rör om några gånger under stekningen."
				],
				"isMagazine": false,
				"nutrientBasis": {
					"quantity": 100.0
				},
				"pharmaceuticalData": {
					"isPharmaceutical": false
				},
				"nutrientInformation": [
					{
						"header": {
							"nutrientBasisQuantity": 100.0,
							"nutrientBasisQuantityType": "BY_MEASURE",
							"nutrientBasisQuantityUnit": {
								"code": "GRM",
								"value": "Gram"
							}
						}
					}
				],
				"regulatedProductName": "Vegansk färs av sojaprotein. Djupfryst.",
				"regulatedArticleDescription": "Coop Vegansk färs av sojaprotein. Djupfryst. 1000 GRM",
				"sustainabilityInfoApplicable": true
			},
			{
				"id": "7310240120127",
				"type": "Product",
				"ean": "7310240120127",
				"name": "Vegofärs Formbar",
				"manufacturerName": "Anamma",
				"description": "Anammas vegofärs är en formbar färs som är baserad på sojaprotein och fri från gluten.Denna fantastiska vegofärs är rik på protein och glutenfri. Sojafärsen går perfekt att forma till en vegobiff eller veganska köttbullar men passar även utmärkt att använda i rätter som vegetarisk lasagne och tacos.\n\nAnamma står för riktigt god vegansk mat som lagas med omtanke för dig, djuren och miljön. Den formbara vegofärsen har cirka 90% mindre klimatpåverkan än svensk köttfärs. Läs mer om Anamma och hur de har räknat ut klimatpåverkan på anamma.eu",
				"imageUrl": "http://res.cloudinary.com/coopsverige/image/upload/v1695823710/cloud/291663.tiff",
				"listOfIngredients": "Vatten, SOJAprotein (23 %), rapsolja, lök, salt, kryddor, äppelextrakt, naturlig arom, stabiliseringsmedel (metylcellulosa).",
				"navCategories": [
					{
						"code": "33430",
						"name": "Vegetarisk färs",
						"superCategories": [
							{
								"code": "193841567",
								"name": "Fryst",
								"superCategories": [
									{
										"code": "39033900",
										"name": "Vegetariskt",
										"superCategories": []
									}
								]
							}
						]
					},
					{
						"code": "156564005",
						"name": "Färs, Filé & bitar",
						"superCategories": [
							{
								"code": "156563963",
								"name": "Vegetariskt",
								"superCategories": [
									{
										"code": "25854",
										"name": "Frys",
										"superCategories": []
									}
								]
							}
						]
					}
				],
				"accreditedTags": [
					{
						"code": "NYCKELHALET",
						"description": "Nyckelhålet",
						"imageUrl": "https://res.cloudinary.com/coopsverige/image/upload/v1618910221/cooponline/Labels%27/nyckelhal_RGB.png",
						"priority": 240
					}
				],
				"consumerInformationText": [
					"Fryst"
				],
				"maxStorageTemperature": "-18",
				"packageSize": 850.0,
				"packageSizeInformation": "850 g",
				"packageSizeUnit": "Gram",
				"salesPrice": 82.5,
				"salesPriceData": {
					"b2cPrice": 82.5,
					"b2bPrice": 73.66
				},
				"piecePrice": 82.5,
				"piecePriceData": {
					"b2cPrice": 82.5,
					"b2bPrice": 73.66
				},
				"salesUnit": "Styck",
				"comparativePriceText": "kr/kg",
				"comparativePrice": 97.06,
				"comparativePriceData": {
					"b2cPrice": 97.06,
					"b2bPrice": 86.66
				},
				"articleSold": false,
				"deposit": 0.0,
				"depositData": {
					"b2cPrice": 0.0,
					"b2bPrice": 0.0
				},
				"vat": {
					"code": "vat-full-2",
					"value": 12.0,
					"type": "Percentage"
				},
				"nutrientLinks": [
					{
						"amount": [
							"694"
						],
						"description": "Energi",
						"unit": "Kilojoule"
					},
					{
						"amount": [
							"166"
						],
						"description": "Energi",
						"unit": "Kilokalori"
					},
					{
						"amount": [
							"8.4"
						],
						"description": "Fett",
						"unit": "Gram"
					},
					{
						"amount": [
							"0.6"
						],
						"description": "Varav mättat fett",
						"unit": "Gram"
					},
					{
						"amount": [
							"4.0"
						],
						"description": "Kolhydrat",
						"unit": "Gram"
					},
					{
						"amount": [
							"1.0"
						],
						"description": "Varav sockerarter",
						"unit": "Gram"
					},
					{
						"amount": [
							"5.9"
						],
						"description": "Fiber",
						"unit": "Gram"
					},
					{
						"amount": [
							"16"
						],
						"description": "Protein",
						"unit": "Gram"
					},
					{
						"amount": [
							"0.77"
						],
						"description": "Salt",
						"unit": "Gram"
					}
				],
				"animalFoodData": {},
				"allergyInfo": [
					{
						"code": "VEGAN"
					}
				],
				"fromSweden": false,
				"availableOnline": true,
				"countryOfOriginCodes": [
					{
						"code": "752",
						"value": "Sverige"
					}
				],
				"nutritionalClaimData": {
					"nutritionalClaimTypeCode": {
						"code": "FREE_FROM",
						"value": "FREE_FROM"
					},
					"nutritionalClaimNutrientElementCode": {
						"code": "GLUTEN",
						"value": "GLUTEN"
					},
					"claimMarkedOnPackage": "TRUE"
				},
				"consumerInstructions": {
					"storageInstructions": "Djupfryst -18 °C eller lägre. Bör inte frysas efter upptining"
				},
				"preparationInstructions": "Lätt att laga, gör så här! 1. Tina önskad mängd i rumstemperatur 30-60 min. (Upptining i mikrovågsugn rekommenderas inte.) 2. Smaksätt som du vill! Testa att blanda in t.ex. kryddor, örter eller bönor. 3. Forma och stek i olja på medelhög värme tills produkten är ordentligt genomstekt. Tänk på att olika form på produkten kräver olika tillagningstid. Tips! Kan även användas precis som vanlig färs. Stek från fryst, 12 min i olja på medelhög värme.",
				"preparationInstructionsList": [
					"Lätt att laga, gör så här! 1. Tina önskad mängd i rumstemperatur 30-60 min. (Upptining i mikrovågsugn rekommenderas inte.) 2. Smaksätt som du vill! Testa att blanda in t.ex. kryddor, örter eller bönor. 3. Forma och stek i olja på medelhög värme tills produkten är ordentligt genomstekt. Tänk på att olika form på produkten kräver olika tillagningstid. Tips! Kan även användas precis som vanlig färs. Stek från fryst, 12 min i olja på medelhög värme."
				],
				"isMagazine": false,
				"nutrientBasis": {
					"quantity": 100.0
				},
				"pharmaceuticalData": {
					"isPharmaceutical": false
				},
				"nutrientInformation": [
					{
						"header": {
							"nutrientBasisQuantity": 100.0,
							"nutrientBasisQuantityType": "BY_MEASURE",
							"nutrientBasisQuantityUnit": {
								"code": "GRM",
								"value": "Gram"
							}
						}
					}
				],
				"regulatedProductName": "Vegansk sojafärs",
				"sustainabilityInfoApplicable": true
			},
			{
				"id": "7310960039839",
				"type": "Product",
				"ean": "7310960039839",
				"name": "Vegoburgare Deli Plant Beef 4-pack",
				"manufacturerName": "MAX",
				"description": "MAX Delifresh Plant Beef.",
				"imageUrl": "http://res.cloudinary.com/coopsverige/image/upload/v1631028649/cloud/233561.jpg",
				"listOfIngredients": "VETE-och SOJAPROTEIN (vatten, textruerat VETEGLUTEN och SOJAPROTEN),   kokosfett, vatten, rapsolja, emulgeringsmedel E461, ärtstärkelse,   torkade grönsaker (lök, vitlök), torkat äpple, jästextrakt, salt,   kryddor (svartpeppar, SELLERI, koriander), svamppulver, bambufiber,   rödbetskoncentrat, naturlig arom, karamelliserat socker, citronjuice.",
				"navCategories": [
					{
						"code": "33434",
						"name": "Vegetariska hamburgare",
						"superCategories": [
							{
								"code": "193841567",
								"name": "Fryst",
								"superCategories": [
									{
										"code": "39033900",
										"name": "Vegetariskt",
										"superCategories": []
									}
								]
							}
						]
					}
				],
				"accreditedTags": [
					{
						"code": "EUROPEAN_V_LABEL_VEGAN"
					}
				],
				"consumerInformationText": [
					"Fryst"
				],
				"maxStorageTemperature": "-18",
				"packageSize": 360.0,
				"packageSizeInformation": "4x90 g",
				"packageSizeUnit": "Gram",
				"salesPrice": 48.95,
				"salesPriceData": {
					"b2cPrice": 48.95,
					"b2bPrice": 43.71
				},
				"piecePrice": 48.95,
				"piecePriceData": {
					"b2cPrice": 48.95,
					"b2bPrice": 43.71
				},
				"salesUnit": "Styck",
				"comparativePriceText": "kr/kg",
				"comparativePrice": 135.97,
				"comparativePriceData": {
					"b2cPrice": 135.97,
					"b2bPrice": 121.4
				},
				"articleSold": false,
				"deposit": 0.0,
				"depositData": {
					"b2cPrice": 0.0,
					"b2bPrice": 0.0
				},
				"vat": {
					"code": "vat-full-2",
					"value": 12.0,
					"type": "Percentage"
				},
				"nutrientLinks": [
					{
						"amount": [
							"291"
						],
						"description": "Energi",
						"unit": "Kilokalori"
					},
					{
						"amount": [
							"1217"
						],
						"description": "Energi",
						"unit": "Kilojoule"
					},
					{
						"amount": [
							"23"
						],
						"description": "Fett",
						"unit": "Gram"
					},
					{
						"amount": [
							"13"
						],
						"description": "Varav mättat fett",
						"unit": "Gram"
					},
					{
						"amount": [
							"5"
						],
						"description": "Kolhydrat",
						"unit": "Gram"
					},
					{
						"amount": [
							"1.7"
						],
						"description": "Varav sockerarter",
						"unit": "Gram"
					},
					{
						"amount": [
							"2.3"
						],
						"description": "Fiber",
						"unit": "Gram"
					},
					{
						"amount": [
							"16"
						],
						"description": "Protein",
						"unit": "Gram"
					},
					{
						"amount": [
							"1.2"
						],
						"description": "Salt",
						"unit": "Gram"
					}
				],
				"animalFoodData": {},
				"allergyInfo": [
					{
						"code": "VEGAN"
					}
				],
				"fromSweden": false,
				"availableOnline": true,
				"countryOfOriginCodes": [
					{
						"code": "752",
						"value": "Sverige"
					}
				],
				"preparationInstructions": "Stekpanna: Stekes 6 minuter.",
				"preparationInstructionsList": [
					"Stekpanna: Stekes 6 minuter."
				],
				"isMagazine": false,
				"nutrientBasis": {
					"quantity": 100.0
				},
				"pharmaceuticalData": {
					"isPharmaceutical": false
				},
				"nutrientInformation": [
					{
						"header": {
							"nutrientBasisQuantity": 100.0,
							"nutrientBasisQuantityType": "BY_MEASURE",
							"nutrientBasisQuantityUnit": {
								"code": "GRM",
								"value": "Gram"
							}
						}
					}
				],
				"sustainabilityInfoApplicable": true
			},
			{
				"id": "8858984830524",
				"type": "Product",
				"ean": "8858984830524",
				"name": "Thai Cube Grönsaker Red Curry",
				"manufacturerName": "Kitchen Joy",
				"imageUrl": "http://res.cloudinary.com/coopsverige/image/upload/v1613561747/421495.tiff",
				"listOfIngredients": "Ingredienser: 50% kokt jasminris (vatten, varav 46% jasminris, solrosolja), 15% kokosekstrakt, 7% babymajs, 7% bambusskudd, 7% ananas, vatten, socker, 2% söt basilika, 1.2% röd chili, salt, vitlök, majsstärkelse, citrongräs, schalottenlök, galangarot, karriflimeblad, kaffir limeskal, korianderfrö, jästextrakt, korianderrot.",
				"navCategories": [
					{
						"code": "193842010",
						"name": "Portionsrätter",
						"superCategories": [
							{
								"code": "193841567",
								"name": "Fryst",
								"superCategories": [
									{
										"code": "39033900",
										"name": "Vegetariskt",
										"superCategories": []
									}
								]
							}
						]
					},
					{
						"code": "6858055",
						"name": "Portionsrätter",
						"superCategories": [
							{
								"code": "6857960",
								"name": "Färdigmat",
								"superCategories": [
									{
										"code": "5377683",
										"name": "Färdigmat & Mellanmål",
										"superCategories": []
									}
								]
							}
						]
					}
				],
				"consumerInformationText": [
					"Fryst"
				],
				"maxStorageTemperature": "-18",
				"packageSize": 350.0,
				"packageSizeInformation": "350 g",
				"packageSizeUnit": "Gram",
				"salesPrice": 41.95,
				"salesPriceData": {
					"b2cPrice": 41.95,
					"b2bPrice": 37.46
				},
				"piecePrice": 41.95,
				"piecePriceData": {
					"b2cPrice": 41.95,
					"b2bPrice": 37.46
				},
				"salesUnit": "Styck",
				"comparativePriceText": "kr/kg",
				"comparativePrice": 119.86,
				"comparativePriceData": {
					"b2cPrice": 119.86,
					"b2bPrice": 107.02
				},
				"articleSold": false,
				"deposit": 0.0,
				"depositData": {
					"b2cPrice": 0.0,
					"b2bPrice": 0.0
				},
				"vat": {
					"code": "vat-full-2",
					"value": 12.0,
					"type": "Percentage"
				},
				"nutrientLinks": [
					{
						"amount": [
							"548"
						],
						"description": "Energi",
						"unit": "Kilojoule"
					},
					{
						"amount": [
							"130"
						],
						"description": "Energi",
						"unit": "Kilokalori"
					},
					{
						"amount": [
							"3.4"
						],
						"description": "Fett",
						"unit": "Gram"
					},
					{
						"amount": [
							"2.7"
						],
						"description": "Varav mättat fett",
						"unit": "Gram"
					},
					{
						"amount": [
							"22"
						],
						"description": "Kolhydrat",
						"unit": "Gram"
					},
					{
						"amount": [
							"4.4"
						],
						"description": "Varav sockerarter",
						"unit": "Gram"
					},
					{
						"amount": [
							"1.5"
						],
						"description": "Fiber",
						"unit": "Gram"
					},
					{
						"amount": [
							"2.1"
						],
						"description": "Protein",
						"unit": "Gram"
					},
					{
						"amount": [
							"0.81"
						],
						"description": "Salt",
						"unit": "Gram"
					}
				],
				"animalFoodData": {},
				"fromSweden": false,
				"availableOnline": true,
				"countryOfOriginCodes": [
					{
						"code": "764",
						"value": "Thailand"
					}
				],
				"isMagazine": false,
				"nutrientBasis": {
					"quantity": 100.0
				},
				"pharmaceuticalData": {
					"isPharmaceutical": false
				},
				"nutrientInformation": [
					{
						"header": {
							"nutrientBasisQuantity": 100.0,
							"nutrientBasisQuantityType": "BY_MEASURE",
							"nutrientBasisQuantityUnit": {
								"code": "GRM",
								"value": "Gram"
							}
						}
					}
				],
				"sustainabilityInfo": [
					{
						"productScore": [
							{
								"score": 4.0,
								"param": "Biologisk mångfald",
								"paramId": "biodiversity"
							},
							{
								"score": 2.5,
								"param": "Klimat",
								"paramId": "climate"
							},
							{
								"score": 3.0,
								"param": "Bördighet",
								"paramId": "soil_fertility"
							},
							{
								"score": 3.0,
								"param": "Vatten",
								"paramId": "water"
							},
							{
								"score": 5.0,
								"param": "Bekämpningsmedel",
								"paramId": "pesticides"
							},
							{
								"score": 3.0,
								"param": "Övergödning",
								"paramId": "eutrophication"
							},
							{
								"score": null,
								"param": "Djuromsorg och antibiotika",
								"paramId": "animal_welfare_antibiotics"
							},
							{
								"score": 3.0,
								"param": "Arbetsförhållanden",
								"paramId": "working_conditions"
							},
							{
								"score": 4.0,
								"param": "Lokalbefolkning",
								"paramId": "local_population"
							},
							{
								"score": 4.0,
								"param": "Lagefterlevnad och spårbarhet",
								"paramId": "compliance_traceability"
							}
						]
					}
				],
				"sustainabilityInfoApplicable": true
			},
			{
				"id": "7310240072341",
				"type": "Product",
				"ean": "7310240072341",
				"name": "Pan Pizza Vego Vesuvio",
				"manufacturerName": "Anamma",
				"description": "En riktigt god vegansk pizza med låg klimatpåverkan! Anamma Vegovesuvio har en saftig och frasig botten och är toppad med vegoskinka, tomat och oregano. Det har aldrig varit enklare att laga en god vegansk middag på nolltid!\n\nAnamma står för riktigt god vegansk mat som lagas med omtanke för dig, djuren och miljön. Vegopizzan har ca 85% mindre klimatpåverkan jämfört med en icke-vegansk pizza. Läs mer om Anamma och hur de har räknat ut klimatpåverkan på anamma.eu.",
				"imageUrl": "http://res.cloudinary.com/coopsverige/image/upload/v1567642306/381049.tiff",
				"listOfIngredients": "Botten/Bunn/Bund: VETEMJÖL/HVETEMEL/HVEDEMEL, vatten/vand, rapsolja, bakpulver/bagepulver (magnesiumdivätefosfat/magnesiumdihydrogenfosfat, natriumkarbonater, kalciumfosfat, VETESTÄRKELSE/HVETESTIVELSE/HVEDESTIVELSE), druvsocker/druesukker, jäst/gjær/gær, salt. Fyllning/Fyll/Fyld: Tomatpuré, vegoskinka/vegansk pålæg (vatten/vand, SOJAPROTEIN, rapsolja, salt, naturliga aromer, färgämne/fargestoff/farve (rödbetsrött/rødbetfarge), rökarom/røykaroma/røgaroma), vatten/vand, tomat, modifierad stärkelse/modifisert stivelse, kokosolja, bambufiber/bambusfiber, socker/sukker, salt, kryddor och kryddextrakt/krydderier og krydderiekstrakt (bl.a. chilipeppar och vitlök), naturlig arom, emulgeringsmedel/emulgator (citronsyra, natriumfosfat), färgämne/fargestoff/farve (betakaroten). Kan innehålla/inneholde/indeholde spår/spor av/af MJÖLK/MELK/MÆLK. Till en pizza har använts 10% vegoskinka/vegansk pålæg och 6% tomat",
				"navCategories": [
					{
						"code": "156564150",
						"name": "Vegetariskt",
						"superCategories": [
							{
								"code": "32993",
								"name": "Portionsrätter",
								"superCategories": [
									{
										"code": "25854",
										"name": "Frys",
										"superCategories": []
									}
								]
							}
						]
					},
					{
						"code": "156564064",
						"name": "Färdigt att värma",
						"superCategories": [
							{
								"code": "156563963",
								"name": "Vegetariskt",
								"superCategories": [
									{
										"code": "25854",
										"name": "Frys",
										"superCategories": []
									}
								]
							}
						]
					},
					{
						"code": "193842010",
						"name": "Portionsrätter",
						"superCategories": [
							{
								"code": "193841567",
								"name": "Fryst",
								"superCategories": [
									{
										"code": "39033900",
										"name": "Vegetariskt",
										"superCategories": []
									}
								]
							}
						]
					}
				],
				"accreditedTags": [
					{
						"code": "FOREST_STEWARDSHIP_COUNCIL_MIX"
					}
				],
				"consumerInformationText": [
					"Fryst"
				],
				"maxStorageTemperature": "-18",
				"packageSize": 190.0,
				"packageSizeInformation": "190 g",
				"packageSizeUnit": "Gram",
				"salesPrice": 23.5,
				"salesPriceData": {
					"b2cPrice": 23.5,
					"b2bPrice": 20.98
				},
				"piecePrice": 23.5,
				"piecePriceData": {
					"b2cPrice": 23.5,
					"b2bPrice": 20.98
				},
				"salesUnit": "Styck",
				"comparativePriceText": "kr/kg",
				"comparativePrice": 123.68,
				"comparativePriceData": {
					"b2cPrice": 123.68,
					"b2bPrice": 110.43
				},
				"articleSold": false,
				"deposit": 0.0,
				"depositData": {
					"b2cPrice": 0.0,
					"b2bPrice": 0.0
				},
				"vat": {
					"code": "vat-full-2",
					"value": 12.0,
					"type": "Percentage"
				},
				"nutrientLinks": [
					{
						"amount": [
							"913"
						],
						"description": "Energi",
						"unit": "Kilojoule"
					},
					{
						"amount": [
							"218"
						],
						"description": "Energi",
						"unit": "Kilokalori"
					},
					{
						"amount": [
							"7.3"
						],
						"description": "Fett",
						"unit": "Gram"
					},
					{
						"amount": [
							"2.6"
						],
						"description": "Varav mättat fett",
						"unit": "Gram"
					},
					{
						"amount": [
							"31"
						],
						"description": "Kolhydrat",
						"unit": "Gram"
					},
					{
						"amount": [
							"2.4"
						],
						"description": "Varav sockerarter",
						"unit": "Gram"
					},
					{
						"amount": [
							"6.5"
						],
						"description": "Protein",
						"unit": "Gram"
					},
					{
						"amount": [
							"1.0"
						],
						"description": "Salt",
						"unit": "Gram"
					}
				],
				"animalFoodData": {},
				"allergyInfo": [
					{
						"code": "VEGAN"
					}
				],
				"onlinePromotions": [
					{
						"id": "016001_31286",
						"price": 59.0,
						"priceData": {
							"b2cPrice": 59.0,
							"b2bPrice": 52.68
						},
						"startDate": "2025-01-26T23:00:00Z",
						"endDate": "2025-03-09T23:00:00Z",
						"message": "MINIPIZZA 3 för 59kr-3 för 59:-",
						"type": "MULTI_BUY_FIXED_PRICE",
						"numberOfProductRequired": 3,
						"medMeraRequired": false,
						"priority": 910
					}
				],
				"fromSweden": false,
				"availableOnline": true,
				"countryOfOriginCodes": [
					{
						"code": "752",
						"value": "Sverige"
					}
				],
				"consumerInstructions": {
					"storageInstructions": "Bör inte frysas efter upptining. Djupfryst -18 °C eller lägre"
				},
				"preparationInstructions": "TILLAGNING I MIKROUGN Värm pizzan i påsen. 1. Klipp av ena hörnet på påsen. Lägg pizzan i mikrougnen med baksidan (denna sida) nedåt. 2. Värm från djupfryst i mikrougn, 750 W (hög effekt) under ca 3 minuter.3. Låt pizzan vila i påsen ca 30 sekunder före servering. Tillagning i ugn Tag den djupfrysta pizzan ur påsen och placera endast pizzan i ugnen. Värm pizzan i 200 ca 15 min. Effekten kan variera mellan olika ugnar och därmed även tillagningstiden.",
				"preparationInstructionsList": [
					"TILLAGNING I MIKROUGN Värm pizzan i påsen. 1. Klipp av ena hörnet på påsen. Lägg pizzan i mikrougnen med baksidan (denna sida) nedåt. 2. Värm från djupfryst i mikrougn, 750 W (hög effekt) under ca 3 minuter.3. Låt pizzan vila i påsen ca 30 sekunder före servering. Tillagning i ugn Tag den djupfrysta pizzan ur påsen och placera endast pizzan i ugnen. Värm pizzan i 200 ca 15 min. Effekten kan variera mellan olika ugnar och därmed även tillagningstiden."
				],
				"isMagazine": false,
				"nutrientBasis": {
					"quantity": 100.0
				},
				"pharmaceuticalData": {
					"isPharmaceutical": false
				},
				"nutrientInformation": [
					{
						"header": {
							"nutrientBasisQuantity": 100.0,
							"nutrientBasisQuantityType": "BY_MEASURE",
							"nutrientBasisQuantityUnit": {
								"code": "GRM",
								"value": "Gram"
							}
						}
					}
				],
				"regulatedProductName": "Vegansk pizza med vegoskinka och tomat",
				"sustainabilityInfoApplicable": true
			},
			{
				"id": "7310240121179",
				"type": "Product",
				"ean": "7310240121179",
				"name": "Falafel",
				"manufacturerName": "Anamma",
				"description": "Anammas falafel är tillagad i Sverige och kryddad med persilja, vitlök, lök och har en god frasig yta. Precis så som det ska vara! Falafel gör sig lika bra till en snabb lunch eller en god middag. Ibland behöver det gå snabbt och vad är då bättre än att ha Anammas goda glutenfria falafel hemma i frysen? Anamma står för riktigt god vegansk mat som lagas med omtanke för dig, djuren och miljön. Falafeln har cirka 90% mindre klimatpåverkan än kebab. Läs mer om Anamma och hur de har räknat ut klimatpåverkan på anamma.eu",
				"imageUrl": "http://res.cloudinary.com/coopsverige/image/upload/v1695823778/cloud/291670.tiff",
				"listOfIngredients": "Kikärtor (84 %), rapsolja, persilja, lök, potatismjöl, salt, bakpulver (natriumbikarbonat), vitlök, kryddor (bl.a. spiskummin, koriander, kanel).",
				"navCategories": [
					{
						"code": "33425",
						"name": "Falafel",
						"superCategories": [
							{
								"code": "193841567",
								"name": "Fryst",
								"superCategories": [
									{
										"code": "39033900",
										"name": "Vegetariskt",
										"superCategories": []
									}
								]
							}
						]
					},
					{
						"code": "334597",
						"name": "Falafel",
						"superCategories": [
							{
								"code": "156564441",
								"name": "Vegetariskt",
								"superCategories": [
									{
										"code": "5377683",
										"name": "Färdigmat & Mellanmål",
										"superCategories": []
									}
								]
							}
						]
					}
				],
				"consumerInformationText": [
					"Fryst"
				],
				"maxStorageTemperature": "-18",
				"packageSize": 900.0,
				"packageSizeInformation": "900 g",
				"packageSizeUnit": "Gram",
				"salesPrice": 85.95,
				"salesPriceData": {
					"b2cPrice": 85.95,
					"b2bPrice": 76.74
				},
				"piecePrice": 85.95,
				"piecePriceData": {
					"b2cPrice": 85.95,
					"b2bPrice": 76.74
				},
				"salesUnit": "Styck",
				"comparativePriceText": "kr/kg",
				"comparativePrice": 95.5,
				"comparativePriceData": {
					"b2cPrice": 95.5,
					"b2bPrice": 85.27
				},
				"articleSold": false,
				"deposit": 0.0,
				"depositData": {
					"b2cPrice": 0.0,
					"b2bPrice": 0.0
				},
				"vat": {
					"code": "vat-full-2",
					"value": 12.0,
					"type": "Percentage"
				},
				"nutrientLinks": [
					{
						"amount": [
							"1275"
						],
						"description": "Energi",
						"unit": "Kilojoule"
					},
					{
						"amount": [
							"305"
						],
						"description": "Energi",
						"unit": "Kilokalori"
					},
					{
						"amount": [
							"18"
						],
						"description": "Fett",
						"unit": "Gram"
					},
					{
						"amount": [
							"1.3"
						],
						"description": "Varav mättat fett",
						"unit": "Gram"
					},
					{
						"amount": [
							"25"
						],
						"description": "Kolhydrat",
						"unit": "Gram"
					},
					{
						"amount": [
							"1.3"
						],
						"description": "Varav sockerarter",
						"unit": "Gram"
					},
					{
						"amount": [
							"5.3"
						],
						"description": "Fiber",
						"unit": "Gram"
					},
					{
						"amount": [
							"9.0"
						],
						"description": "Protein",
						"unit": "Gram"
					},
					{
						"amount": [
							"1.1"
						],
						"description": "Salt",
						"unit": "Gram"
					}
				],
				"animalFoodData": {},
				"allergyInfo": [
					{
						"code": "VEGAN"
					}
				],
				"fromSweden": false,
				"availableOnline": true,
				"declarationOfOrigin": "Odlingsland varierar",
				"countryOfOriginCodes": [
					{
						"code": "752",
						"value": "Sverige"
					}
				],
				"nutritionalClaimData": {
					"nutritionalClaimTypeCode": {
						"code": "FREE_FROM",
						"value": "FREE_FROM"
					},
					"nutritionalClaimNutrientElementCode": {
						"code": "GLUTEN",
						"value": "GLUTEN"
					},
					"claimMarkedOnPackage": "TRUE"
				},
				"consumerInstructions": {
					"storageInstructions": "Djupfryst -18 °C eller lägre. Bör inte frysas efter upptining"
				},
				"preparationInstructions": "Tillagas från fryst, 10 min i olja på medelhög värme.",
				"preparationInstructionsList": [
					"Tillagas från fryst, 10 min i olja på medelhög värme."
				],
				"isMagazine": false,
				"nutrientBasis": {
					"quantity": 100.0
				},
				"pharmaceuticalData": {
					"isPharmaceutical": false
				},
				"nutrientInformation": [
					{
						"header": {
							"nutrientBasisQuantity": 100.0,
							"nutrientBasisQuantityType": "BY_MEASURE",
							"nutrientBasisQuantityUnit": {
								"code": "GRM",
								"value": "Gram"
							}
						}
					}
				],
				"regulatedProductName": "Vegansk falafel med kikärtor, persilja och vitlök",
				"sustainabilityInfoApplicable": true
			},
			{
				"id": "8445290003027",
				"type": "Product",
				"ean": "8445290003027",
				"name": "Filébitar Vegan ",
				"manufacturerName": "Hälsans Kök",
				"description": "Variera din vegetariska matlagning med Hälsans Kök Vegan Filet Pieces Dessa mångsidiga filébitar har en utsökt mjuk textur. Våra veganska filébitar är gjorda av sojaprotein och är ett snabbt och gott sätt att addera protein och fiber till dina måltider. Hälsans Kök Vegan Filet Pieces är enkla att lägga till massor av vegetariska rätter som grytor, sallader, pasta och curryrätter. Prova dem med en färsk mango- och ananassallad – gott och enkelt! Inga om och men, vi kompromissar aldrig med smaken.",
				"imageUrl": "http://res.cloudinary.com/coopsverige/image/upload/v1645062337/cloud/247014.tiff",
				"listOfIngredients": "Ingredienser: Vatten/Vann, SOJA-/SOYAPROTEINKONCENTRAT (31,7%), vegetabilisk olja/olje (raps), ättika/eddike/eddik, jästextrakt/gjær-/gærekstrakt, salt, arom/aroma. Kan innehålla/inneholde: VETE/HVETE/HVEDE (GLUTEN), ÄGG/ÆG/EGG, SESAMFRÖN/-FRØ, SELLERI och SENAP/SENNEP.",
				"navCategories": [
					{
						"code": "33429",
						"name": "Vegetarisk filé",
						"superCategories": [
							{
								"code": "193841567",
								"name": "Fryst",
								"superCategories": [
									{
										"code": "39033900",
										"name": "Vegetariskt",
										"superCategories": []
									}
								]
							}
						]
					},
					{
						"code": "156564005",
						"name": "Färs, Filé & bitar",
						"superCategories": [
							{
								"code": "156563963",
								"name": "Vegetariskt",
								"superCategories": [
									{
										"code": "25854",
										"name": "Frys",
										"superCategories": []
									}
								]
							}
						]
					}
				],
				"accreditedTags": [
					{
						"code": "EUROPEAN_V_LABEL_VEGAN"
					}
				],
				"consumerInformationText": [
					"Fryst"
				],
				"maxStorageTemperature": "-18",
				"packageSize": 700.0,
				"packageSizeInformation": "700g",
				"packageSizeUnit": "Gram",
				"salesPrice": 88.95,
				"salesPriceData": {
					"b2cPrice": 88.95,
					"b2bPrice": 79.42
				},
				"piecePrice": 88.95,
				"piecePriceData": {
					"b2cPrice": 88.95,
					"b2bPrice": 79.42
				},
				"salesUnit": "Styck",
				"comparativePriceText": "kr/kg",
				"comparativePrice": 127.07,
				"comparativePriceData": {
					"b2cPrice": 127.07,
					"b2bPrice": 113.46
				},
				"articleSold": false,
				"deposit": 0.0,
				"depositData": {
					"b2cPrice": 0.0,
					"b2bPrice": 0.0
				},
				"vat": {
					"code": "vat-full-2",
					"value": 12.0,
					"type": "Percentage"
				},
				"nutrientLinks": [
					{
						"amount": [
							"631"
						],
						"description": "Energi",
						"unit": "Kilojoule"
					},
					{
						"amount": [
							"151"
						],
						"description": "Energi",
						"unit": "Kilokalori"
					},
					{
						"amount": [
							"4.7"
						],
						"description": "Fett",
						"unit": "Gram"
					},
					{
						"amount": [
							"0.4"
						],
						"description": "Varav mättat fett",
						"unit": "Gram"
					},
					{
						"amount": [
							"1.2"
						],
						"description": "Kolhydrat",
						"unit": "Gram"
					},
					{
						"amount": [
							"0.1"
						],
						"description": "Varav sockerarter",
						"unit": "Gram"
					},
					{
						"amount": [
							"5.9"
						],
						"description": "Fiber",
						"unit": "Gram"
					},
					{
						"amount": [
							"22.5"
						],
						"description": "Protein",
						"unit": "Gram"
					},
					{
						"amount": [
							"1.4"
						],
						"description": "Salt",
						"unit": "Gram"
					}
				],
				"animalFoodData": {},
				"fromSweden": false,
				"availableOnline": true,
				"countryOfOriginCodes": [
					{
						"code": "203",
						"value": "Tjeckien"
					}
				],
				"consumerInstructions": {
					"storageInstructions": "Förvaras djupfryst efter köp (–18°C eller kallare).",
					"usageInstructions": "Bör ej frysas efter upptining."
				},
				"preparationInstructions": "Tillagning från fryst: Hetta upp en matsked olja i en stekpanna på medelvärme. Placera bitarna i en stekpanna och stek i ungefär fem minuter på medelvärme till de är gyllenbruna. Rör om ofta. Servera direkt.",
				"preparationInstructionsList": [
					"Tillagning från fryst: Hetta upp en matsked olja i en stekpanna på medelvärme. Placera bitarna i en stekpanna och stek i ungefär fem minuter på medelvärme till de är gyllenbruna. Rör om ofta. Servera direkt."
				],
				"isMagazine": false,
				"nutrientBasis": {
					"quantity": 100.0
				},
				"pharmaceuticalData": {
					"isPharmaceutical": false
				},
				"nutrientInformation": [
					{
						"header": {
							"nutrientBasisQuantity": 100.0,
							"nutrientBasisQuantityType": "BY_MEASURE",
							"nutrientBasisQuantityUnit": {
								"code": "GRM",
								"value": "Gram"
							}
						}
					}
				],
				"sustainabilityInfo": [
					{
						"productScore": [
							{
								"score": 2.0,
								"param": "Biologisk mångfald",
								"paramId": "biodiversity"
							},
							{
								"score": 1.5,
								"param": "Klimat",
								"paramId": "climate"
							},
							{
								"score": 1.5,
								"param": "Bördighet",
								"paramId": "soil_fertility"
							},
							{
								"score": 1.5,
								"param": "Vatten",
								"paramId": "water"
							},
							{
								"score": 2.0,
								"param": "Bekämpningsmedel",
								"paramId": "pesticides"
							},
							{
								"score": 1.5,
								"param": "Övergödning",
								"paramId": "eutrophication"
							},
							{
								"score": null,
								"param": "Djuromsorg och antibiotika",
								"paramId": "animal_welfare_antibiotics"
							},
							{
								"score": 2.0,
								"param": "Arbetsförhållanden",
								"paramId": "working_conditions"
							},
							{
								"score": 2.5,
								"param": "Lokalbefolkning",
								"paramId": "local_population"
							},
							{
								"score": 3.0,
								"param": "Lagefterlevnad och spårbarhet",
								"paramId": "compliance_traceability"
							}
						]
					}
				],
				"sustainabilityInfoApplicable": true
			},
			{
				"id": "5019503006353",
				"type": "Product",
				"ean": "5019503006353",
				"name": "Färs",
				"manufacturerName": "Quorn",
				"description": "Quorn Färs är 100 % vegetarisk, glutenfri och supergod. Vår färs passar perfekt i lasagne, moussaka och burritos. Vår ovo-vegetariska Quorn Färs är så enkel att du tillagar en hel familjemåltid på några minuter, direkt från frysen utan upptining. Klimatsmart, protein- och fiberrik och låg halt av mättat fett. Njut av alla dina favoriträtter på ett mer hälsosamt sätt med en vegetarisk färs!Koldioxidavtrycket för Quorn Färs är 0,18 kg CO2e per 100 g, så det har aldrig varit enklare att göra ett klimatsmart middagsval. På Quorn producerar vi vårt eget unika protein, Mycoprotein. Det är en hållbar näringsriktig proteinkälla som är naturligt rik på fibrer samt är fri från soja. Hitta oss på Facebook och Instagram. Upptäck fler Quorn-recept och utforska hela utbudet på quorn.se.",
				"imageUrl": "http://res.cloudinary.com/coopsverige/image/upload/v1655280502/cloud/253673.tiff",
				"listOfIngredients": "Mycoprotein (88 %), rehydrerad ÄGGVITA från frigående höns, ärtfiber naturligt karamelliserat socker, stabiliseringmedel: kalciumklorid, kalciumacetat; glutenfritt KORNMALTEXTRAKT.",
				"navCategories": [
					{
						"code": "33430",
						"name": "Vegetarisk färs",
						"superCategories": [
							{
								"code": "193841567",
								"name": "Fryst",
								"superCategories": [
									{
										"code": "39033900",
										"name": "Vegetariskt",
										"superCategories": []
									}
								]
							}
						]
					},
					{
						"code": "156564005",
						"name": "Färs, Filé & bitar",
						"superCategories": [
							{
								"code": "156563963",
								"name": "Vegetariskt",
								"superCategories": [
									{
										"code": "25854",
										"name": "Frys",
										"superCategories": []
									}
								]
							}
						]
					}
				],
				"consumerInformationText": [
					"Fryst"
				],
				"maxStorageTemperature": "-18",
				"packageSize": 300.0,
				"packageSizeInformation": "300 g",
				"packageSizeUnit": "Gram",
				"salesPrice": 37.5,
				"salesPriceData": {
					"b2cPrice": 37.5,
					"b2bPrice": 33.48
				},
				"piecePrice": 37.5,
				"piecePriceData": {
					"b2cPrice": 37.5,
					"b2bPrice": 33.48
				},
				"promotionPrice": 25.0,
				"promotionPriceData": {
					"b2cPrice": 25.0,
					"b2bPrice": 22.32
				},
				"salesUnit": "Styck",
				"comparativePriceText": "kr/kg",
				"comparativePrice": 125.0,
				"comparativePriceData": {
					"b2cPrice": 125.0,
					"b2bPrice": 111.61
				},
				"articleSold": false,
				"deposit": 0.0,
				"depositData": {
					"b2cPrice": 0.0,
					"b2bPrice": 0.0
				},
				"vat": {
					"code": "vat-full-2",
					"value": 12.0,
					"type": "Percentage"
				},
				"nutrientLinks": [
					{
						"amount": [
							"384"
						],
						"description": "Energi",
						"unit": "Kilojoule"
					},
					{
						"amount": [
							"92"
						],
						"description": "Energi",
						"unit": "Kilokalori"
					},
					{
						"amount": [
							"1.7"
						],
						"description": "Fett",
						"unit": "Gram"
					},
					{
						"amount": [
							"0.5"
						],
						"description": "Varav mättat fett",
						"unit": "Gram"
					},
					{
						"amount": [
							"2.3"
						],
						"description": "Kolhydrat",
						"unit": "Gram"
					},
					{
						"amount": [
							"0.1"
						],
						"description": "Varav sockerarter",
						"unit": "Gram"
					},
					{
						"amount": [
							"7.5"
						],
						"description": "Fiber",
						"unit": "Gram"
					},
					{
						"amount": [
							"13"
						],
						"description": "Protein",
						"unit": "Gram"
					},
					{
						"amount": [
							"0.14"
						],
						"description": "Salt",
						"unit": "Gram"
					}
				],
				"animalFoodData": {},
				"onlinePromotions": [
					{
						"id": "016001_132446",
						"price": 25.0,
						"priceData": {
							"b2cPrice": 25.0,
							"b2bPrice": 22.32
						},
						"piecePrice": 25.0,
						"piecePriceData": {
							"b2cPrice": 25.0,
							"b2bPrice": 22.32
						},
						"startDate": "2025-01-26T23:00:00Z",
						"endDate": "2025-03-09T23:00:00Z",
						"message": "Medlemspris-Färs-25:- /st",
						"type": "FIXED_PRICE",
						"medMeraRequired": true,
						"priority": 930,
						"comparativePrice": {
							"b2cPrice": 83.33,
							"b2bPrice": 74.4
						}
					}
				],
				"fromSweden": false,
				"availableOnline": true,
				"declarationOfOrigin": "Storbritannien",
				"countryOfOriginCodes": [
					{
						"code": "826",
						"value": "Storbritannien"
					}
				],
				"nutritionalClaimData": {
					"nutritionalClaimTypeCode": {
						"code": "FREE_FROM",
						"value": "FREE_FROM"
					},
					"nutritionalClaimNutrientElementCode": {
						"code": "GLUTEN",
						"value": "GLUTEN"
					},
					"claimMarkedOnPackage": "TRUE"
				},
				"consumerInstructions": {
					"storageInstructions": "Förvaras fryst under –18 °C.  Bör ej frysas efter upptining."
				},
				"preparationInstructions": "Tillagas fryst. Avlägsna förpackningen. Tillagningsinstruktionerna gäller 1 förpackning. SPIS - 10MIN.  Värm såsen (cirka 500 g), tillsätt frusen Quorn Färs (300 g). Rör om, täck med lock och låt sjuda i 10 minuter. Rör då och då.  Alla spisar är olika, detta är endast riktlinjer. Kontrollera att produkten är genomvarm före servering.",
				"preparationInstructionsList": [
					"Tillagas fryst. Avlägsna förpackningen. Tillagningsinstruktionerna gäller 1 förpackning. SPIS - 10MIN.  Värm såsen (cirka 500 g), tillsätt frusen Quorn Färs (300 g). Rör om, täck med lock och låt sjuda i 10 minuter. Rör då och då.  Alla spisar är olika, detta är endast riktlinjer. Kontrollera att produkten är genomvarm före servering."
				],
				"isMagazine": false,
				"historicalPriceData": {
					"b2cPrice": 37.5,
					"b2bPrice": 33.48
				},
				"nutrientBasis": {
					"quantity": 100.0
				},
				"pharmaceuticalData": {
					"isPharmaceutical": false
				},
				"nutrientInformation": [
					{
						"header": {
							"nutrientBasisQuantity": 100.0,
							"nutrientBasisQuantityUnit": {
								"code": "GRM",
								"value": "Gram"
							}
						}
					}
				],
				"sustainabilityInfo": [
					{
						"productScore": [
							{
								"score": 4.0,
								"param": "Biologisk mångfald",
								"paramId": "biodiversity"
							},
							{
								"score": 2.0,
								"param": "Klimat",
								"paramId": "climate"
							},
							{
								"score": 1.0,
								"param": "Bördighet",
								"paramId": "soil_fertility"
							},
							{
								"score": 2.0,
								"param": "Vatten",
								"paramId": "water"
							},
							{
								"score": 3.0,
								"param": "Bekämpningsmedel",
								"paramId": "pesticides"
							},
							{
								"score": 3.0,
								"param": "Övergödning",
								"paramId": "eutrophication"
							},
							{
								"score": null,
								"param": "Djuromsorg och antibiotika",
								"paramId": "animal_welfare_antibiotics"
							},
							{
								"score": 2.0,
								"param": "Arbetsförhållanden",
								"paramId": "working_conditions"
							},
							{
								"score": 2.0,
								"param": "Lokalbefolkning",
								"paramId": "local_population"
							},
							{
								"score": 1.0,
								"param": "Lagefterlevnad och spårbarhet",
								"paramId": "compliance_traceability"
							}
						]
					}
				],
				"sustainabilityInfoApplicable": true
			},
			{
				"id": "7290115203868",
				"type": "Product",
				"ean": "7290115203868",
				"name": "Nuggets Plantbaserade ",
				"manufacturerName": "Hälsans Kök",
				"description": "Njut av den välbekanta texturen och smaken av Hälsans Kök Vegan Nuggets. Dessa veganska nuggets har mycket smak och textur och är täckta med en krispig panering. De är gjorda med växtbaserade ingredienser av hög kvalitet och adderar protein och fiber till måltiden. Hälsans Köks Nuggets är ett gott mellanmål eller en komponent till en växtbaserad måltid, både för barn och vuxna. Servera med pommes frites eller potatis och dina favoritgrönsaker – gott och enkelt! Inga om och men, vi kompromissar aldrig med smaken!",
				"imageUrl": "http://res.cloudinary.com/coopsverige/image/upload/v1657516925/cloud/255529.tiff",
				"listOfIngredients": "Ingredienser: Vatten/vann, SOJA-/SOYAPROTEIN (16 %), ströbröd/rasp/kavring (15 %) (VETEMJÖL/HVEDE-/HVETEMEL, salt, jäst/gær/gjær, vegetabilisk olja/olje (solros/solsikke), paprikaextrakt), vegetabilisk olja/olje (raps, solros/solsikke) i varierande proportion, VETEMJÖL/HVEDE-/HVETEMEL, majsstärkelse/-stivelse, ättika/eddike, stabiliseringsmedel/stabilisator (metylcellulosa, guarkärnmjöl/guargummi/guarkjernemel), citrusfibre, naturliga aromer, salt, lök-/løg-/løkpulver, vitlöks-/hvidløgs-/hvitløkspulver, surhetsreglerande medel/surhetsregulerende middel (kaliumhydroxid/ kaliumhydroksid). Kan innehålla/inneholde: SELLERI, ÄGG/ÆG/EGG, SENAP/SENNEP och SESAMFRÖN/SESAMFRØ.",
				"navCategories": [
					{
						"code": "33435",
						"name": "Övrig vegetariskt",
						"superCategories": [
							{
								"code": "193841567",
								"name": "Fryst",
								"superCategories": [
									{
										"code": "39033900",
										"name": "Vegetariskt",
										"superCategories": []
									}
								]
							}
						]
					}
				],
				"accreditedTags": [
					{
						"code": "EUROPEAN_V_LABEL_VEGAN"
					}
				],
				"consumerInformationText": [
					"Fryst"
				],
				"maxStorageTemperature": "-18",
				"packageSize": 700.0,
				"packageSizeInformation": "700 g",
				"packageSizeUnit": "Gram",
				"salesPrice": 85.95,
				"salesPriceData": {
					"b2cPrice": 85.95,
					"b2bPrice": 76.74
				},
				"piecePrice": 85.95,
				"piecePriceData": {
					"b2cPrice": 85.95,
					"b2bPrice": 76.74
				},
				"salesUnit": "Styck",
				"comparativePriceText": "kr/kg",
				"comparativePrice": 122.79,
				"comparativePriceData": {
					"b2cPrice": 122.79,
					"b2bPrice": 109.63
				},
				"articleSold": false,
				"deposit": 0.0,
				"depositData": {
					"b2cPrice": 0.0,
					"b2bPrice": 0.0
				},
				"vat": {
					"code": "vat-full-2",
					"value": 12.0,
					"type": "Percentage"
				},
				"nutrientLinks": [
					{
						"amount": [
							"222"
						],
						"description": "Energi",
						"unit": "Kilokalori"
					},
					{
						"amount": [
							"927"
						],
						"description": "Energi",
						"unit": "Kilojoule"
					},
					{
						"amount": [
							"11.0"
						],
						"description": "Fett",
						"unit": "Gram"
					},
					{
						"amount": [
							"1.2"
						],
						"description": "Varav mättat fett",
						"unit": "Gram"
					},
					{
						"amount": [
							"14.0"
						],
						"description": "Kolhydrat",
						"unit": "Gram"
					},
					{
						"amount": [
							"0.6"
						],
						"description": "Varav sockerarter",
						"unit": "Gram"
					},
					{
						"amount": [
							"5.5"
						],
						"description": "Fiber",
						"unit": "Gram"
					},
					{
						"amount": [
							"14.0"
						],
						"description": "Protein",
						"unit": "Gram"
					},
					{
						"amount": [
							"1.0"
						],
						"description": "Salt",
						"unit": "Gram"
					}
				],
				"animalFoodData": {},
				"allergyInfo": [
					{
						"code": "VEGAN"
					}
				],
				"fromSweden": false,
				"availableOnline": true,
				"countryOfOriginCodes": [
					{
						"code": "203",
						"value": "Tjeckien"
					}
				],
				"preparationInstructions": "Tillagning från fryst: Stekpanna 3-5 min. Lite olja. Vänd då och då.|PIM_MULTIVALUE_SEPARATOR|Tillagning från fryst. Ugn 10-12 min i 200°C. Vänd en gång.",
				"preparationInstructionsList": [
					"Tillagning från fryst: Stekpanna 3-5 min. Lite olja. Vänd då och då.",
					"Tillagning från fryst. Ugn 10-12 min i 200°C. Vänd en gång."
				],
				"isMagazine": false,
				"nutrientBasis": {
					"quantity": 100.0
				},
				"pharmaceuticalData": {
					"isPharmaceutical": false
				},
				"nutrientInformation": [
					{
						"header": {
							"nutrientBasisQuantity": 100.0,
							"nutrientBasisQuantityType": "BY_MEASURE",
							"nutrientBasisQuantityUnit": {
								"code": "GRM",
								"value": "Gram"
							}
						}
					}
				],
				"sustainabilityInfo": [
					{
						"productScore": [
							{
								"score": 3.5,
								"param": "Biologisk mångfald",
								"paramId": "biodiversity"
							},
							{
								"score": 1.5,
								"param": "Klimat",
								"paramId": "climate"
							},
							{
								"score": 2.0,
								"param": "Bördighet",
								"paramId": "soil_fertility"
							},
							{
								"score": 2.5,
								"param": "Vatten",
								"paramId": "water"
							},
							{
								"score": 3.0,
								"param": "Bekämpningsmedel",
								"paramId": "pesticides"
							},
							{
								"score": 2.5,
								"param": "Övergödning",
								"paramId": "eutrophication"
							},
							{
								"score": null,
								"param": "Djuromsorg och antibiotika",
								"paramId": "animal_welfare_antibiotics"
							},
							{
								"score": 2.5,
								"param": "Arbetsförhållanden",
								"paramId": "working_conditions"
							},
							{
								"score": 3.0,
								"param": "Lokalbefolkning",
								"paramId": "local_population"
							},
							{
								"score": 3.5,
								"param": "Lagefterlevnad och spårbarhet",
								"paramId": "compliance_traceability"
							}
						]
					}
				],
				"sustainabilityInfoApplicable": true
			},
			{
				"id": "7316641413912",
				"type": "Product",
				"ean": "7316641413912",
				"name": "Tenders Crispy Buffalo",
				"manufacturerName": "Oumph!",
				"description": "Oumph! Crispy Buffalo Tenders är vegetariska bitar marinerade i klassisk buffalosås och panerade med en krispig cornflakescoating. Bitarna är gjorda på soja- & ärtprotein från Europa och är helt veganska och glutenfria. Bitarna är lätta att använda och kan tillagas både i ugn, stekpanna, fritös och airfryer. Passar både som snacks och måltid med potatis, pasta, pommes eller sallad. Oumph! är grymt god vegetarisk mat som är lätt att tillaga och bra för planeten.",
				"imageUrl": "http://res.cloudinary.com/coopsverige/image/upload/v1706117281/cloud/322281.tiff",
				"listOfIngredients": "Vatten, SOJAproteinkoncentrat 12%, buffalosås 15% (vatten, sambal oelek, tomatpuré, paprika, salt, vegetabilisk olja (rapsolja, solrosolja), vinägeressens, modifierad stärkelse, socker, tabascosås (vinäger, chili, salt), konserveringsmedel (ättiksyra, natriumbensoat), kryddor, jästextrakt, paprikaextrakt, arom)), majsmjöl, rapsolja, smet (majsmjöl, stärkelse, salt, jäsningsmedel (disfosfater, natriumkarbonater), stabilisator (xantangummi)), brödsmulor (rismjöl, kikärtsmjöl, majsstärkelse, salt, dextros), stabilisator (methylcellulosa), ärtprotein, salt, naturlig arom, kryddor, ärtstärkelse, socker, potatisfiber, lök, vitlök, purjolök.",
				"navCategories": [
					{
						"code": "33435",
						"name": "Övrig vegetariskt",
						"superCategories": [
							{
								"code": "193841567",
								"name": "Fryst",
								"superCategories": [
									{
										"code": "39033900",
										"name": "Vegetariskt",
										"superCategories": []
									}
								]
							}
						]
					}
				],
				"consumerInformationText": [
					"Fryst"
				],
				"maxStorageTemperature": "-18",
				"packageSize": 280.0,
				"packageSizeInformation": "280g",
				"packageSizeUnit": "Gram",
				"salesPrice": 39.95,
				"salesPriceData": {
					"b2cPrice": 39.95,
					"b2bPrice": 35.67
				},
				"piecePrice": 39.95,
				"piecePriceData": {
					"b2cPrice": 39.95,
					"b2bPrice": 35.67
				},
				"salesUnit": "Styck",
				"comparativePriceText": "kr/kg",
				"comparativePrice": 142.68,
				"comparativePriceData": {
					"b2cPrice": 142.68,
					"b2bPrice": 127.39
				},
				"articleSold": false,
				"deposit": 0.0,
				"depositData": {
					"b2cPrice": 0.0,
					"b2bPrice": 0.0
				},
				"vat": {
					"code": "vat-full-2",
					"value": 12.0,
					"type": "Percentage"
				},
				"nutrientLinks": [
					{
						"amount": [
							"274"
						],
						"description": "Energi",
						"unit": "Kilokalori"
					},
					{
						"amount": [
							"1146"
						],
						"description": "Energi",
						"unit": "Kilojoule"
					},
					{
						"amount": [
							"17"
						],
						"description": "Fett",
						"unit": "Gram"
					},
					{
						"amount": [
							"1.3"
						],
						"description": "Varav mättat fett",
						"unit": "Gram"
					},
					{
						"amount": [
							"19"
						],
						"description": "Kolhydrat",
						"unit": "Gram"
					},
					{
						"amount": [
							"3.0"
						],
						"description": "Varav sockerarter",
						"unit": "Gram"
					},
					{
						"amount": [
							"3.9"
						],
						"description": "Fiber",
						"unit": "Gram"
					},
					{
						"amount": [
							"9.4"
						],
						"description": "Protein",
						"unit": "Gram"
					},
					{
						"amount": [
							"1.5"
						],
						"description": "Salt",
						"unit": "Gram"
					}
				],
				"animalFoodData": {},
				"fromSweden": false,
				"availableOnline": true,
				"countryOfOriginCodes": [
					{
						"code": "752",
						"value": "Sverige"
					}
				],
				"preparationInstructions": "Tillagas direkt från fryst. Stek (eller fritera) bitarna i rikligt med olja i 8-10 minuter, eller släng in dem i ugnen på 220°C i cirka 15 minuter, tills de är riktigt krispiga. Servera som snacks med grönsaksstavar och dippar, eller som huvudrätt med grönsaker, pommes och massa sås!",
				"preparationInstructionsList": [
					"Tillagas direkt från fryst. Stek (eller fritera) bitarna i rikligt med olja i 8-10 minuter, eller släng in dem i ugnen på 220°C i cirka 15 minuter, tills de är riktigt krispiga. Servera som snacks med grönsaksstavar och dippar, eller som huvudrätt med grönsaker, pommes och massa sås!"
				],
				"isMagazine": false,
				"nutrientBasis": {
					"quantity": 100.0
				},
				"pharmaceuticalData": {
					"isPharmaceutical": false
				},
				"nutrientInformation": [
					{
						"header": {
							"nutrientBasisQuantity": 100.0,
							"nutrientBasisQuantityType": "BY_MEASURE",
							"nutrientBasisQuantityUnit": {
								"code": "GRM",
								"value": "Gram"
							}
						}
					}
				],
				"regulatedProductName": "Veganska panerade bitar",
				"sustainabilityInfoApplicable": true
			},
			{
				"id": "7350126087243",
				"type": "Product",
				"ean": "7350126087243",
				"name": "Schnitzel",
				"manufacturerName": "Felix",
				"description": "Felix Frasiga Schnitzel är tillagad av couscous och barnsligt god, med frasig panering. Passar utmärkt med klassiska tillbehör så som potatis, ärtor och skysås. Eller varför inte skiva schnitzeln och servera på en asiatisk nudelsallad? Visst känns det dessutom extra bra att de är tillagade i Sverige?",
				"imageUrl": "http://res.cloudinary.com/coopsverige/image/upload/v1721367444/cloud/374132.tiff",
				"listOfIngredients": "Couscous (72 %) (VETE), ströbröd (innehåller VETE), VETEmjöl, modifierad VETEstärkelse, buljong (salt, lök, socker, maltodextrin, naturlig arom), potatisfiber, kryddor (bl.a. paprika), rapsolja.",
				"navCategories": [
					{
						"code": "33435",
						"name": "Övrig vegetariskt",
						"superCategories": [
							{
								"code": "193841567",
								"name": "Fryst",
								"superCategories": [
									{
										"code": "39033900",
										"name": "Vegetariskt",
										"superCategories": []
									}
								]
							}
						]
					}
				],
				"consumerInformationText": [
					"Fryst"
				],
				"maxStorageTemperature": "-18",
				"packageSize": 410.0,
				"packageSizeInformation": "410g",
				"packageSizeUnit": "Gram",
				"salesPrice": 38.95,
				"salesPriceData": {
					"b2cPrice": 38.95,
					"b2bPrice": 34.78
				},
				"piecePrice": 38.95,
				"piecePriceData": {
					"b2cPrice": 38.95,
					"b2bPrice": 34.78
				},
				"salesUnit": "Styck",
				"comparativePriceText": "kr/kg",
				"comparativePrice": 95.0,
				"comparativePriceData": {
					"b2cPrice": 95.0,
					"b2bPrice": 84.82
				},
				"articleSold": false,
				"deposit": 0.0,
				"depositData": {
					"b2cPrice": 0.0,
					"b2bPrice": 0.0
				},
				"vat": {
					"code": "vat-full-2",
					"value": 12.0,
					"type": "Percentage"
				},
				"nutrientLinks": [
					{
						"amount": [
							"1028"
						],
						"description": "Energi",
						"unit": "Kilojoule"
					},
					{
						"amount": [
							"246"
						],
						"description": "Energi",
						"unit": "Kilokalori"
					},
					{
						"amount": [
							"9.6"
						],
						"description": "Fett",
						"unit": "Gram"
					},
					{
						"amount": [
							"0.7"
						],
						"description": "Varav mättat fett",
						"unit": "Gram"
					},
					{
						"amount": [
							"33"
						],
						"description": "Kolhydrat",
						"unit": "Gram"
					},
					{
						"amount": [
							"3.2"
						],
						"description": "Varav sockerarter",
						"unit": "Gram"
					},
					{
						"amount": [
							"3.6"
						],
						"description": "Fiber",
						"unit": "Gram"
					},
					{
						"amount": [
							"5.5"
						],
						"description": "Protein",
						"unit": "Gram"
					},
					{
						"amount": [
							"1.2"
						],
						"description": "Salt",
						"unit": "Gram"
					}
				],
				"animalFoodData": {},
				"allergyInfo": [
					{
						"code": "VEGETARIAN"
					}
				],
				"fromSweden": false,
				"availableOnline": true,
				"countryOfOriginCodes": [
					{
						"code": "752",
						"value": "Sverige"
					}
				],
				"consumerInstructions": {
					"storageInstructions": "Djupfryst -18 °C eller lägre. Bör inte frysas efter upptining"
				},
				"preparationInstructions": "TILLAGNING I STEKPANNA: Tillagas från fryst. Stek i olja på medelhög värme tills de fått fin stekyta på båda sidor och är genomstekta, ca 10-12 minuter. Servera med dina favorittillbehör och njut!",
				"preparationInstructionsList": [
					"TILLAGNING I STEKPANNA: Tillagas från fryst. Stek i olja på medelhög värme tills de fått fin stekyta på båda sidor och är genomstekta, ca 10-12 minuter. Servera med dina favorittillbehör och njut!"
				],
				"isMagazine": false,
				"nutrientBasis": {
					"quantity": 100.0
				},
				"pharmaceuticalData": {
					"isPharmaceutical": false
				},
				"nutrientInformation": [
					{
						"header": {
							"nutrientBasisQuantity": 100.0,
							"nutrientBasisQuantityType": "BY_MEASURE",
							"nutrientBasisQuantityUnit": {
								"code": "GRM",
								"value": "Gram"
							}
						}
					}
				],
				"regulatedProductName": "Vegetarisk schnitzel av couscous",
				"sustainabilityInfoApplicable": true
			},
			{
				"id": "7316641015512",
				"type": "Product",
				"ean": "7316641015512",
				"name": "Crispy Schnitzel",
				"manufacturerName": "Oumph!",
				"imageUrl": "http://res.cloudinary.com/coopsverige/image/upload/v1716199748/cloud/355846.tiff",
				"listOfIngredients": "INGREDIENSER: Vatten, rapsolja, mjöl (ris, kikärta), smet (majsmjöl, stärkelse, salt, jäsningsmedel (difosfater, natriumkarbonater), stabiliseringsmedel (xantangummi)), texturerat SOJAprotein 7%, texturerat ärtprotein 2%, stabiliseringsmedel (metylcellulosa), ärtprotein, salt, stärkelse, naturlig arom, socker, potatisfiber, lök, vitlök, kryddor, dextros.",
				"navCategories": [
					{
						"code": "33435",
						"name": "Övrig vegetariskt",
						"superCategories": [
							{
								"code": "193841567",
								"name": "Fryst",
								"superCategories": [
									{
										"code": "39033900",
										"name": "Vegetariskt",
										"superCategories": []
									}
								]
							}
						]
					}
				],
				"consumerInformationText": [
					"Fryst"
				],
				"maxStorageTemperature": "-18",
				"packageSize": 720.0,
				"packageSizeInformation": "720g",
				"packageSizeUnit": "Gram",
				"salesPrice": 81.95,
				"salesPriceData": {
					"b2cPrice": 81.95,
					"b2bPrice": 73.17
				},
				"piecePrice": 81.95,
				"piecePriceData": {
					"b2cPrice": 81.95,
					"b2bPrice": 73.17
				},
				"salesUnit": "Styck",
				"comparativePriceText": "kr/kg",
				"comparativePrice": 113.82,
				"comparativePriceData": {
					"b2cPrice": 113.82,
					"b2bPrice": 101.63
				},
				"articleSold": false,
				"deposit": 0.0,
				"depositData": {
					"b2cPrice": 0.0,
					"b2bPrice": 0.0
				},
				"vat": {
					"code": "vat-full-2",
					"value": 12.0,
					"type": "Percentage"
				},
				"nutrientLinks": [
					{
						"amount": [
							"234"
						],
						"description": "Energi",
						"unit": "Kilokalori"
					},
					{
						"amount": [
							"979"
						],
						"description": "Energi",
						"unit": "Kilojoule"
					},
					{
						"amount": [
							"14"
						],
						"description": "Fett",
						"unit": "Gram"
					},
					{
						"amount": [
							"1.2"
						],
						"description": "Varav mättat fett",
						"unit": "Gram"
					},
					{
						"amount": [
							"16"
						],
						"description": "Kolhydrat",
						"unit": "Gram"
					},
					{
						"amount": [
							"0.9"
						],
						"description": "Varav sockerarter",
						"unit": "Gram"
					},
					{
						"amount": [
							"3.8"
						],
						"description": "Fiber",
						"unit": "Gram"
					},
					{
						"amount": [
							"9"
						],
						"description": "Protein",
						"unit": "Gram"
					},
					{
						"amount": [
							"1.4"
						],
						"description": "Salt",
						"unit": "Gram"
					}
				],
				"animalFoodData": {},
				"fromSweden": false,
				"availableOnline": true,
				"countryOfOriginCodes": [
					{
						"code": "752",
						"value": "Sverige"
					}
				],
				"preparationInstructions": "Tillagas direkt från fryst. Stek (eller fritera) i rikligt med olja i 4-5 minuter, eller släng in dem i ugnen på 220 °C i cirka 15 minuter, till de är riktigt krispiga. Enjoy!",
				"preparationInstructionsList": [
					"Tillagas direkt från fryst. Stek (eller fritera) i rikligt med olja i 4-5 minuter, eller släng in dem i ugnen på 220 °C i cirka 15 minuter, till de är riktigt krispiga. Enjoy!"
				],
				"isMagazine": false,
				"nutrientBasis": {
					"quantity": 100.0
				},
				"pharmaceuticalData": {
					"isPharmaceutical": false
				},
				"nutrientInformation": [
					{
						"header": {
							"nutrientBasisQuantity": 100.0,
							"nutrientBasisQuantityType": "BY_MEASURE",
							"nutrientBasisQuantityUnit": {
								"code": "GRM",
								"value": "Gram"
							}
						}
					}
				],
				"sustainabilityInfoApplicable": true
			},
			{
				"id": "8858984834713",
				"type": "Product",
				"ean": "8858984834713",
				"name": "Green Cube Panang Curry ",
				"manufacturerName": "Kitchen Joy",
				"imageUrl": "http://res.cloudinary.com/coopsverige/image/upload/v1673248970/cloud/270533.tiff",
				"listOfIngredients": "Ingredienser: 50 % kokt jasminris (vatten, jasminris, solrosolja), kokosextrakt, 12 % sojaprodukt (vatten varav 33 % SOJAMJÖL), vatten, socker, torkad röd chili, sojasås (SOJABÖNOR, VETEMJÖL, salt, socker), kokossocker, röd chili, vitlök, citrongräs, schalottenlök, salt, majsstärkelse, galangarot makrut limeblad, spiskummin, makrut lime skal, korianderfrön, korianderrot.",
				"navCategories": [
					{
						"code": "33435",
						"name": "Övrig vegetariskt",
						"superCategories": [
							{
								"code": "193841567",
								"name": "Fryst",
								"superCategories": [
									{
										"code": "39033900",
										"name": "Vegetariskt",
										"superCategories": []
									}
								]
							}
						]
					},
					{
						"code": "156564064",
						"name": "Färdigt att värma",
						"superCategories": [
							{
								"code": "156563963",
								"name": "Vegetariskt",
								"superCategories": [
									{
										"code": "25854",
										"name": "Frys",
										"superCategories": []
									}
								]
							}
						]
					},
					{
						"code": "193842010",
						"name": "Portionsrätter",
						"superCategories": [
							{
								"code": "193841567",
								"name": "Fryst",
								"superCategories": [
									{
										"code": "39033900",
										"name": "Vegetariskt",
										"superCategories": []
									}
								]
							}
						]
					}
				],
				"consumerInformationText": [
					"Fryst"
				],
				"maxStorageTemperature": "-18",
				"packageSize": 350.0,
				"packageSizeInformation": "350 g",
				"packageSizeUnit": "Gram",
				"salesPrice": 41.95,
				"salesPriceData": {
					"b2cPrice": 41.95,
					"b2bPrice": 37.46
				},
				"piecePrice": 41.95,
				"piecePriceData": {
					"b2cPrice": 41.95,
					"b2bPrice": 37.46
				},
				"salesUnit": "Styck",
				"comparativePriceText": "kr/kg",
				"comparativePrice": 119.86,
				"comparativePriceData": {
					"b2cPrice": 119.86,
					"b2bPrice": 107.02
				},
				"articleSold": false,
				"deposit": 0.0,
				"depositData": {
					"b2cPrice": 0.0,
					"b2bPrice": 0.0
				},
				"vat": {
					"code": "vat-full-2",
					"value": 12.0,
					"type": "Percentage"
				},
				"nutrientLinks": [
					{
						"amount": [
							"627"
						],
						"description": "Energi",
						"unit": "Kilojoule"
					},
					{
						"amount": [
							"149"
						],
						"description": "Energi",
						"unit": "Kilokalori"
					},
					{
						"amount": [
							"4.4"
						],
						"description": "Fett",
						"unit": "Gram"
					},
					{
						"amount": [
							"3.8"
						],
						"description": "Varav mättat fett",
						"unit": "Gram"
					},
					{
						"amount": [
							"22"
						],
						"description": "Kolhydrat",
						"unit": "Gram"
					},
					{
						"amount": [
							"4.9"
						],
						"description": "Varav sockerarter",
						"unit": "Gram"
					},
					{
						"amount": [
							"1.7"
						],
						"description": "Fiber",
						"unit": "Gram"
					},
					{
						"amount": [
							"4.4"
						],
						"description": "Protein",
						"unit": "Gram"
					},
					{
						"amount": [
							"0.72"
						],
						"description": "Salt",
						"unit": "Gram"
					}
				],
				"animalFoodData": {},
				"fromSweden": false,
				"availableOnline": true,
				"countryOfOriginCodes": [
					{
						"code": "764",
						"value": "Thailand"
					}
				],
				"isMagazine": false,
				"nutrientBasis": {
					"quantity": 100.0
				},
				"pharmaceuticalData": {
					"isPharmaceutical": false
				},
				"nutrientInformation": [
					{
						"header": {
							"nutrientBasisQuantity": 100.0,
							"nutrientBasisQuantityType": "BY_MEASURE",
							"nutrientBasisQuantityUnit": {
								"code": "GRM",
								"value": "Gram"
							}
						}
					}
				],
				"sustainabilityInfo": [
					{
						"productScore": [
							{
								"score": 3.5,
								"param": "Biologisk mångfald",
								"paramId": "biodiversity"
							},
							{
								"score": 2.5,
								"param": "Klimat",
								"paramId": "climate"
							},
							{
								"score": 3.0,
								"param": "Bördighet",
								"paramId": "soil_fertility"
							},
							{
								"score": 3.0,
								"param": "Vatten",
								"paramId": "water"
							},
							{
								"score": 4.5,
								"param": "Bekämpningsmedel",
								"paramId": "pesticides"
							},
							{
								"score": 3.0,
								"param": "Övergödning",
								"paramId": "eutrophication"
							},
							{
								"score": null,
								"param": "Djuromsorg och antibiotika",
								"paramId": "animal_welfare_antibiotics"
							},
							{
								"score": 3.0,
								"param": "Arbetsförhållanden",
								"paramId": "working_conditions"
							},
							{
								"score": 4.0,
								"param": "Lokalbefolkning",
								"paramId": "local_population"
							},
							{
								"score": 4.0,
								"param": "Lagefterlevnad och spårbarhet",
								"paramId": "compliance_traceability"
							}
						]
					}
				],
				"sustainabilityInfoApplicable": true
			},
			{
				"id": "7310130013355",
				"type": "Product",
				"ean": "7310130013355",
				"name": "Nuggets Crispy green",
				"manufacturerName": "MAX",
				"description": "Nuggets baserade på ärtor från svenska bönder. Frasiga och växtbaserade som även är glutenfria och helt veganska. Servera med en god dippsås och dina favorittillbehör!",
				"imageUrl": "http://res.cloudinary.com/coopsverige/image/upload/v1689741852/cloud/286182.tiff",
				"listOfIngredients": "Vatten, glutenfri panering (rapsolja, rismjöl, kikärtsmjöl, majsstärkelse, majsmjöl,potatisstärkelse, salt, druvsocker, stabiliseringsmedel (dinatriumdifosfat,natriumvätekarbonat), förtjockningsmedel (xantangummi)), ärtprotein* 14%,vegetabiliska oljor (raps, shea), stabiliseringsmedel (metylcellulosa), salt,druvsocker, naturliga aromer, potatisfiber, lök, citronjuicepulver, arom,grönsaksbuljong (salt, lök, purjolök, morotsextrakt, kryddor), majsstärkelse,vitlök, timjan.*Svenskodlade ärtor.Stekta i rapsolja.",
				"navCategories": [
					{
						"code": "33435",
						"name": "Övrig vegetariskt",
						"superCategories": [
							{
								"code": "193841567",
								"name": "Fryst",
								"superCategories": [
									{
										"code": "39033900",
										"name": "Vegetariskt",
										"superCategories": []
									}
								]
							}
						]
					}
				],
				"consumerInformationText": [
					"Fryst"
				],
				"maxStorageTemperature": "-18",
				"packageSize": 360.0,
				"packageSizeInformation": "360 g",
				"packageSizeUnit": "Gram",
				"salesPrice": 55.95,
				"salesPriceData": {
					"b2cPrice": 55.95,
					"b2bPrice": 49.96
				},
				"piecePrice": 55.95,
				"piecePriceData": {
					"b2cPrice": 55.95,
					"b2bPrice": 49.96
				},
				"salesUnit": "Styck",
				"comparativePriceText": "kr/kg",
				"comparativePrice": 155.42,
				"comparativePriceData": {
					"b2cPrice": 155.42,
					"b2bPrice": 138.77
				},
				"articleSold": false,
				"deposit": 0.0,
				"depositData": {
					"b2cPrice": 0.0,
					"b2bPrice": 0.0
				},
				"vat": {
					"code": "vat-full-2",
					"value": 12.0,
					"type": "Percentage"
				},
				"nutrientLinks": [
					{
						"amount": [
							"1241"
						],
						"description": "Energi",
						"unit": "Kilojoule"
					},
					{
						"amount": [
							"297"
						],
						"description": "Energi",
						"unit": "Kilokalori"
					},
					{
						"amount": [
							"20"
						],
						"description": "Fett",
						"unit": "Gram"
					},
					{
						"amount": [
							"2.5"
						],
						"description": "Varav mättat fett",
						"unit": "Gram"
					},
					{
						"amount": [
							"15"
						],
						"description": "Kolhydrat",
						"unit": "Gram"
					},
					{
						"amount": [
							"0.8"
						],
						"description": "Varav sockerarter",
						"unit": "Gram"
					},
					{
						"amount": [
							"13"
						],
						"description": "Protein",
						"unit": "Gram"
					},
					{
						"amount": [
							"2.0"
						],
						"description": "Salt",
						"unit": "Gram"
					}
				],
				"animalFoodData": {},
				"allergyInfo": [
					{
						"code": "VEGAN"
					}
				],
				"fromSweden": false,
				"availableOnline": true,
				"nutritionalClaimData": {
					"nutritionalClaimTypeCode": {
						"code": "FREE_FROM",
						"value": "FREE_FROM"
					},
					"nutritionalClaimNutrientElementCode": {
						"code": "GLUTEN",
						"value": "GLUTEN"
					},
					"claimMarkedOnPackage": "TRUE"
				},
				"consumerInstructions": {
					"storageInstructions": "Frysvara"
				},
				"isMagazine": false,
				"nutrientBasis": {
					"quantity": 100.0
				},
				"pharmaceuticalData": {
					"isPharmaceutical": false
				},
				"nutrientInformation": [
					{
						"header": {
							"nutrientBasisQuantity": 100.0,
							"nutrientBasisQuantityType": "BY_MEASURE",
							"nutrientBasisQuantityUnit": {
								"code": "GRM",
								"value": "Gram"
							}
						}
					}
				],
				"sustainabilityInfo": [
					{
						"productScore": [
							{
								"score": 2.0,
								"param": "Biologisk mångfald",
								"paramId": "biodiversity"
							},
							{
								"score": 1.0,
								"param": "Klimat",
								"paramId": "climate"
							},
							{
								"score": 1.5,
								"param": "Bördighet",
								"paramId": "soil_fertility"
							},
							{
								"score": 1.0,
								"param": "Vatten",
								"paramId": "water"
							},
							{
								"score": 1.5,
								"param": "Bekämpningsmedel",
								"paramId": "pesticides"
							},
							{
								"score": 1.5,
								"param": "Övergödning",
								"paramId": "eutrophication"
							},
							{
								"score": null,
								"param": "Djuromsorg och antibiotika",
								"paramId": "animal_welfare_antibiotics"
							},
							{
								"score": 1.0,
								"param": "Arbetsförhållanden",
								"paramId": "working_conditions"
							},
							{
								"score": 1.0,
								"param": "Lokalbefolkning",
								"paramId": "local_population"
							},
							{
								"score": 1.0,
								"param": "Lagefterlevnad och spårbarhet",
								"paramId": "compliance_traceability"
							}
						]
					}
				],
				"sustainabilityInfoApplicable": true
			},
			{
				"id": "7316641015529",
				"type": "Product",
				"ean": "7316641015529",
				"name": "Crispy Nuggets",
				"manufacturerName": "Oumph!",
				"imageUrl": "http://res.cloudinary.com/coopsverige/image/upload/v1716199723/cloud/355843.tiff",
				"listOfIngredients": "INGREDIENSER: Vatten, rapsolja, texturerat SOJAprotein 9%, mjöl (ris, kikärta), smet (majsmjöl, stärkelse, salt, jäsningsmedel (difosfater, natriumkarbonater), stabiliseringsmedel (xantangummi)), texturerat ärtprotein 2%, stabiliseringsmedel (metylcellulosa), ärtprotein, salt, naturlig arom, stärkelse, socker, potatisfiber, lök, vitlök, kryddor, dextros.",
				"navCategories": [
					{
						"code": "33435",
						"name": "Övrig vegetariskt",
						"superCategories": [
							{
								"code": "193841567",
								"name": "Fryst",
								"superCategories": [
									{
										"code": "39033900",
										"name": "Vegetariskt",
										"superCategories": []
									}
								]
							}
						]
					}
				],
				"consumerInformationText": [
					"Fryst"
				],
				"maxStorageTemperature": "-18",
				"packageSize": 700.0,
				"packageSizeInformation": "700g",
				"packageSizeUnit": "Gram",
				"salesPrice": 81.95,
				"salesPriceData": {
					"b2cPrice": 81.95,
					"b2bPrice": 73.17
				},
				"piecePrice": 81.95,
				"piecePriceData": {
					"b2cPrice": 81.95,
					"b2bPrice": 73.17
				},
				"salesUnit": "Styck",
				"comparativePriceText": "kr/kg",
				"comparativePrice": 117.07,
				"comparativePriceData": {
					"b2cPrice": 117.07,
					"b2bPrice": 104.53
				},
				"articleSold": false,
				"deposit": 0.0,
				"depositData": {
					"b2cPrice": 0.0,
					"b2bPrice": 0.0
				},
				"vat": {
					"code": "vat-full-2",
					"value": 12.0,
					"type": "Percentage"
				},
				"nutrientLinks": [
					{
						"amount": [
							"196"
						],
						"description": "Energi",
						"unit": "Kilokalori"
					},
					{
						"amount": [
							"820"
						],
						"description": "Energi",
						"unit": "Kilojoule"
					},
					{
						"amount": [
							"11"
						],
						"description": "Fett",
						"unit": "Gram"
					},
					{
						"amount": [
							"1.1"
						],
						"description": "Varav mättat fett",
						"unit": "Gram"
					},
					{
						"amount": [
							"12"
						],
						"description": "Kolhydrat",
						"unit": "Gram"
					},
					{
						"amount": [
							"0.9"
						],
						"description": "Varav sockerarter",
						"unit": "Gram"
					},
					{
						"amount": [
							"4.5"
						],
						"description": "Fiber",
						"unit": "Gram"
					},
					{
						"amount": [
							"10"
						],
						"description": "Protein",
						"unit": "Gram"
					},
					{
						"amount": [
							"1.4"
						],
						"description": "Salt",
						"unit": "Gram"
					}
				],
				"animalFoodData": {},
				"fromSweden": false,
				"availableOnline": true,
				"countryOfOriginCodes": [
					{
						"code": "752",
						"value": "Sverige"
					}
				],
				"preparationInstructions": "Tillagas direkt från fryst. Stek (eller fritera) i rikligt med olja i 4-5 minuter, eller släng in dem i ugnen på 220 °C i cirka 15 minuter, till de är riktigt krispiga. Enjoy!",
				"preparationInstructionsList": [
					"Tillagas direkt från fryst. Stek (eller fritera) i rikligt med olja i 4-5 minuter, eller släng in dem i ugnen på 220 °C i cirka 15 minuter, till de är riktigt krispiga. Enjoy!"
				],
				"isMagazine": false,
				"nutrientBasis": {
					"quantity": 100.0
				},
				"pharmaceuticalData": {
					"isPharmaceutical": false
				},
				"nutrientInformation": [
					{
						"header": {
							"nutrientBasisQuantity": 100.0,
							"nutrientBasisQuantityType": "BY_MEASURE",
							"nutrientBasisQuantityUnit": {
								"code": "GRM",
								"value": "Gram"
							}
						}
					}
				],
				"regulatedProductName": "Veganska nuggets",
				"sustainabilityInfoApplicable": true
			},
			{
				"id": "7316641415022",
				"type": "Product",
				"ean": "7316641415022",
				"name": "Thyme & Garlic Chunk Vegan",
				"manufacturerName": "Oumph!",
				"description": "Oumph! Herbs & Garlic Chunks är vegetariska bitar kryddade med Timjan och vitlök. Bitarna är gjorda på sojaböna från Europa och är helt veganska och glutenfria. Passar bra till vuxna och barn. Bitarna är lätta att använda då de är färdigkryddade och passar utmärkt i grytor, pasta, wrap och sallad. Oumph! är grymt god vegetarisk mat som är lätt att tillaga och bra för planeten.",
				"imageUrl": "http://res.cloudinary.com/coopsverige/image/upload/v1715764103/cloud/354251.tiff",
				"listOfIngredients": "INGREDIENSER: Vatten, SOJAproteinkoncentrat 27%, rapsolja, salt, maltodextrin, druvsocker, vitlök 0,8%, lök, timjan 0,4%, jästextrakt, svartpeppar, krydda, surhetsreglerande medel (citronsyra)",
				"navCategories": [
					{
						"code": "33435",
						"name": "Övrig vegetariskt",
						"superCategories": [
							{
								"code": "193841567",
								"name": "Fryst",
								"superCategories": [
									{
										"code": "39033900",
										"name": "Vegetariskt",
										"superCategories": []
									}
								]
							}
						]
					},
					{
						"code": "156564005",
						"name": "Färs, Filé & bitar",
						"superCategories": [
							{
								"code": "156563963",
								"name": "Vegetariskt",
								"superCategories": [
									{
										"code": "25854",
										"name": "Frys",
										"superCategories": []
									}
								]
							}
						]
					}
				],
				"consumerInformationText": [
					"Fryst"
				],
				"maxStorageTemperature": "-18",
				"packageSize": 280.0,
				"packageSizeInformation": "280g",
				"packageSizeUnit": "Gram",
				"salesPrice": 39.95,
				"salesPriceData": {
					"b2cPrice": 39.95,
					"b2bPrice": 35.67
				},
				"piecePrice": 39.95,
				"piecePriceData": {
					"b2cPrice": 39.95,
					"b2bPrice": 35.67
				},
				"salesUnit": "Styck",
				"comparativePriceText": "kr/kg",
				"comparativePrice": 142.68,
				"comparativePriceData": {
					"b2cPrice": 142.68,
					"b2bPrice": 127.39
				},
				"articleSold": false,
				"deposit": 0.0,
				"depositData": {
					"b2cPrice": 0.0,
					"b2bPrice": 0.0
				},
				"vat": {
					"code": "vat-full-2",
					"value": 12.0,
					"type": "Percentage"
				},
				"nutrientLinks": [
					{
						"amount": [
							"117"
						],
						"description": "Energi",
						"unit": "Kilokalori"
					},
					{
						"amount": [
							"490"
						],
						"description": "Energi",
						"unit": "Kilojoule"
					},
					{
						"amount": [
							"3.1"
						],
						"description": "Fett",
						"unit": "Gram"
					},
					{
						"amount": [
							"0.3"
						],
						"description": "Varav mättat fett",
						"unit": "Gram"
					},
					{
						"amount": [
							"1.6"
						],
						"description": "Kolhydrat",
						"unit": "Gram"
					},
					{
						"amount": [
							"0.9"
						],
						"description": "Varav sockerarter",
						"unit": "Gram"
					},
					{
						"amount": [
							"5.5"
						],
						"description": "Fiber",
						"unit": "Gram"
					},
					{
						"amount": [
							"18"
						],
						"description": "Protein",
						"unit": "Gram"
					},
					{
						"amount": [
							"1.5"
						],
						"description": "Salt",
						"unit": "Gram"
					},
					{
						"amount": [
							"30.4"
						],
						"description": "Folsyra",
						"unit": "Mikrogram",
						"percentageOfDailyIntake": "15"
					},
					{
						"amount": [
							"4.3"
						],
						"description": "Järn",
						"unit": "Milligram",
						"percentageOfDailyIntake": "31"
					}
				],
				"animalFoodData": {},
				"fromSweden": false,
				"availableOnline": true,
				"countryOfOriginCodes": [
					{
						"code": "752",
						"value": "Sverige"
					}
				],
				"preparationInstructions": "TILLAGNING: Stek Oumph! i olja 4-5 min. Det ska bli riktig stekyta! Blanda med det du gillar! Vi gillar Oumph! med massor av färska grönsaker och såser. Gör du en gryta, lägg i stekt Oumph! sist så den blir varm.",
				"preparationInstructionsList": [
					"TILLAGNING: Stek Oumph! i olja 4-5 min. Det ska bli riktig stekyta! Blanda med det du gillar! Vi gillar Oumph! med massor av färska grönsaker och såser. Gör du en gryta, lägg i stekt Oumph! sist så den blir varm."
				],
				"isMagazine": false,
				"nutrientBasis": {
					"quantity": 100.0
				},
				"pharmaceuticalData": {
					"isPharmaceutical": false
				},
				"nutrientInformation": [
					{
						"header": {
							"nutrientBasisQuantity": 100.0,
							"nutrientBasisQuantityType": "BY_MEASURE",
							"nutrientBasisQuantityUnit": {
								"code": "GRM",
								"value": "Gram"
							}
						}
					}
				],
				"regulatedProductName": "Veganska bitar",
				"sustainabilityInfoApplicable": true
			},
			{
				"id": "7350126087274",
				"type": "Product",
				"ean": "7350126087274",
				"name": "Nuggets",
				"manufacturerName": "Felix",
				"description": "Felix Krispiga Nuggets är tillagade av couscous, har riktigt krispig panering och är perfekta både som snacks och som måltid.? Passar att servera med rostade potatisklyftor, vitlökssås och en härlig grönsallad. Eller varför inte med ketchup och dipp till fredagsmyset? Visst känns det dessutom extra bra att de är tillagade i Sverige?",
				"imageUrl": "http://res.cloudinary.com/coopsverige/image/upload/v1721365803/cloud/374098.tiff",
				"listOfIngredients": "Couscous (67 %) (VETE), ströbröd (innehåller VETE), VETEmjöl, modifierad VETEstärkelse, buljong (salt, lök, socker, maltodextrin, naturlig arom), potatisfiber, kryddor (bl.a. paprika), rapsolja.",
				"navCategories": [
					{
						"code": "33435",
						"name": "Övrig vegetariskt",
						"superCategories": [
							{
								"code": "193841567",
								"name": "Fryst",
								"superCategories": [
									{
										"code": "39033900",
										"name": "Vegetariskt",
										"superCategories": []
									}
								]
							}
						]
					}
				],
				"consumerInformationText": [
					"Fryst"
				],
				"maxStorageTemperature": "-18",
				"packageSize": 400.0,
				"packageSizeInformation": "400G",
				"packageSizeUnit": "Gram",
				"salesPrice": 38.95,
				"salesPriceData": {
					"b2cPrice": 38.95,
					"b2bPrice": 34.78
				},
				"piecePrice": 38.95,
				"piecePriceData": {
					"b2cPrice": 38.95,
					"b2bPrice": 34.78
				},
				"salesUnit": "Styck",
				"comparativePriceText": "kr/kg",
				"comparativePrice": 97.38,
				"comparativePriceData": {
					"b2cPrice": 97.38,
					"b2bPrice": 86.95
				},
				"articleSold": false,
				"deposit": 0.0,
				"depositData": {
					"b2cPrice": 0.0,
					"b2bPrice": 0.0
				},
				"vat": {
					"code": "vat-full-2",
					"value": 12.0,
					"type": "Percentage"
				},
				"nutrientLinks": [
					{
						"amount": [
							"1090"
						],
						"description": "Energi",
						"unit": "Kilojoule",
						"percentageOfDailyIntake": "13"
					},
					{
						"amount": [
							"261"
						],
						"description": "Energi",
						"unit": "Kilokalori",
						"percentageOfDailyIntake": "13"
					},
					{
						"amount": [
							"11"
						],
						"description": "Fett",
						"unit": "Gram",
						"percentageOfDailyIntake": "15"
					},
					{
						"amount": [
							"0.8"
						],
						"description": "Varav mättat fett",
						"unit": "Gram",
						"percentageOfDailyIntake": "4"
					},
					{
						"amount": [
							"35"
						],
						"description": "Kolhydrat",
						"unit": "Gram",
						"percentageOfDailyIntake": "13"
					},
					{
						"amount": [
							"5.8"
						],
						"description": "Varav sockerarter",
						"unit": "Gram",
						"percentageOfDailyIntake": "6"
					},
					{
						"amount": [
							"2.0"
						],
						"description": "Fiber",
						"unit": "Gram"
					},
					{
						"amount": [
							"5.8"
						],
						"description": "Protein",
						"unit": "Gram",
						"percentageOfDailyIntake": "12"
					},
					{
						"amount": [
							"1.3"
						],
						"description": "Salt",
						"unit": "Gram",
						"percentageOfDailyIntake": "22"
					}
				],
				"animalFoodData": {},
				"allergyInfo": [
					{
						"code": "VEGETARIAN"
					}
				],
				"fromSweden": false,
				"availableOnline": true,
				"countryOfOriginCodes": [
					{
						"code": "752",
						"value": "Sverige"
					}
				],
				"consumerInstructions": {
					"storageInstructions": "Djupfryst -18 °C eller lägre. Bör inte frysas efter upptining"
				},
				"preparationInstructions": "TILLAGNING I STEKPANNA: Tillagas från fryst. Stek i olja på medelhög värme tills de fått fin stekyta på båda sidor och är genomstekta, ca 13 minuter. Servera med dina favorittillbehör och njut!",
				"preparationInstructionsList": [
					"TILLAGNING I STEKPANNA: Tillagas från fryst. Stek i olja på medelhög värme tills de fått fin stekyta på båda sidor och är genomstekta, ca 13 minuter. Servera med dina favorittillbehör och njut!"
				],
				"isMagazine": false,
				"nutrientBasis": {
					"quantity": 100.0
				},
				"pharmaceuticalData": {
					"isPharmaceutical": false
				},
				"nutrientInformation": [
					{
						"header": {
							"nutrientBasisQuantity": 100.0,
							"nutrientBasisQuantityType": "BY_MEASURE",
							"nutrientBasisQuantityUnit": {
								"code": "GRM",
								"value": "Gram"
							}
						}
					}
				],
				"regulatedProductName": "Vegetariska nuggets av couscous",
				"sustainabilityInfoApplicable": true
			},
			{
				"id": "7316641415077",
				"type": "Product",
				"ean": "7316641415077",
				"name": "Pulled BBQ Chunks Vegan",
				"manufacturerName": "Oumph!",
				"description": "Pulled Oumph! är vegetariska bitar marinerade i BBQ-sås. Bitarna är gjorda på sojaböna från Europa och är helt veganska och glutenfria. Passar bra till vuxna och barn. Njut av dom i modern streetfood såsom hamburgare, tacos eller wrap. Eller varför inte experimentera med dom i grytor eller pasta? Oumph! är grymt god vegetarisk mat som är lätt att tillaga och bra för planeten.",
				"imageUrl": "http://res.cloudinary.com/coopsverige/image/upload/v1713791175/cloud/347067.tiff",
				"listOfIngredients": "INGREDIENSER: Vatten, barbecuesås 29% (vatten, tomatpuré, socker, salt, äppeljuicekoncentrat, krydda, paprika, lök, karamelliserat socker, tomat, surhetsreglerande medel (citronsyra), rökarom, vinäger, jästextrakt, arom), SOJAproteinkoncentrat 21%, salt.",
				"navCategories": [
					{
						"code": "33435",
						"name": "Övrig vegetariskt",
						"superCategories": [
							{
								"code": "193841567",
								"name": "Fryst",
								"superCategories": [
									{
										"code": "39033900",
										"name": "Vegetariskt",
										"superCategories": []
									}
								]
							}
						]
					},
					{
						"code": "156564005",
						"name": "Färs, Filé & bitar",
						"superCategories": [
							{
								"code": "156563963",
								"name": "Vegetariskt",
								"superCategories": [
									{
										"code": "25854",
										"name": "Frys",
										"superCategories": []
									}
								]
							}
						]
					}
				],
				"consumerInformationText": [
					"Fryst"
				],
				"maxStorageTemperature": "-18",
				"packageSize": 280.0,
				"packageSizeInformation": "280g",
				"packageSizeUnit": "Gram",
				"salesPrice": 39.95,
				"salesPriceData": {
					"b2cPrice": 39.95,
					"b2bPrice": 35.67
				},
				"piecePrice": 39.95,
				"piecePriceData": {
					"b2cPrice": 39.95,
					"b2bPrice": 35.67
				},
				"salesUnit": "Styck",
				"comparativePriceText": "kr/kg",
				"comparativePrice": 142.68,
				"comparativePriceData": {
					"b2cPrice": 142.68,
					"b2bPrice": 127.39
				},
				"articleSold": false,
				"deposit": 0.0,
				"depositData": {
					"b2cPrice": 0.0,
					"b2bPrice": 0.0
				},
				"vat": {
					"code": "vat-full-2",
					"value": 12.0,
					"type": "Percentage"
				},
				"nutrientLinks": [
					{
						"amount": [
							"115"
						],
						"description": "Energi",
						"unit": "Kilokalori"
					},
					{
						"amount": [
							"480"
						],
						"description": "Energi",
						"unit": "Kilojoule"
					},
					{
						"amount": [
							"0"
						],
						"description": "Fett",
						"unit": "Gram"
					},
					{
						"amount": [
							"0"
						],
						"description": "Varav mättat fett",
						"unit": "Gram"
					},
					{
						"amount": [
							"11"
						],
						"description": "Kolhydrat",
						"unit": "Gram"
					},
					{
						"amount": [
							"9.4"
						],
						"description": "Varav sockerarter",
						"unit": "Gram"
					},
					{
						"amount": [
							"4.7"
						],
						"description": "Fiber",
						"unit": "Gram"
					},
					{
						"amount": [
							"14"
						],
						"description": "Protein",
						"unit": "Gram"
					},
					{
						"amount": [
							"1.5"
						],
						"description": "Salt",
						"unit": "Gram"
					},
					{
						"amount": [
							"2.4"
						],
						"description": "Järn",
						"unit": "Milligram",
						"percentageOfDailyIntake": "17"
					}
				],
				"animalFoodData": {},
				"fromSweden": false,
				"availableOnline": true,
				"countryOfOriginCodes": [
					{
						"code": "752",
						"value": "Sverige"
					}
				],
				"preparationInstructions": "TILLAGNING: Värm Oumph! på medelvärme. Rör lite grann under tiden. Akta dig för hög värme då blir det kolasås! Ät med det du gillar - gott till allt från tacos till burgare!",
				"preparationInstructionsList": [
					"TILLAGNING: Värm Oumph! på medelvärme. Rör lite grann under tiden. Akta dig för hög värme då blir det kolasås! Ät med det du gillar - gott till allt från tacos till burgare!"
				],
				"isMagazine": false,
				"nutrientBasis": {
					"quantity": 100.0
				},
				"pharmaceuticalData": {
					"isPharmaceutical": false
				},
				"nutrientInformation": [
					{
						"header": {
							"nutrientBasisQuantity": 100.0,
							"nutrientBasisQuantityType": "BY_MEASURE",
							"nutrientBasisQuantityUnit": {
								"code": "GRM",
								"value": "Gram"
							}
						}
					}
				],
				"regulatedProductName": "Veganska bitar",
				"sustainabilityInfoApplicable": true
			},
			{
				"id": "7310240121131",
				"type": "Product",
				"ean": "7310240121131",
				"name": "Vegobullar ",
				"manufacturerName": "Anamma",
				"description": "Anammas saftiga vegobullar är baserade på sojaprotein och glutenfria. Sojafärsen har rullats till perfekta veganska köttbullar som går snabbt att steka. Servera med klassiska tillbehör så har du en vegansk middag klar på nolltid!\n\nAnamma står för riktigt god vegansk mat som lagas med omtanke för dig, djuren och miljön. Vegobullarna har ca 90% mindre klimatpåverkan jämfört köttbullar gjorda på nötfärs. Läs mer om Anamma och hur de har räknat ut klimatpåverkan på anamma.eu",
				"imageUrl": "http://res.cloudinary.com/coopsverige/image/upload/v1513823620/272768.tiff",
				"listOfIngredients": "Vatten, SOJAprotein (16 %), rapsolja, lök, kryddor, salt, äppelextrakt, ärtfiber, ärtstärkelse, naturlig arom (innehåller gummi arabicum), stabiliseringsmedel (metylcellulosa).",
				"navCategories": [
					{
						"code": "33433",
						"name": "Vegetariska bullar",
						"superCategories": [
							{
								"code": "193841567",
								"name": "Fryst",
								"superCategories": [
									{
										"code": "39033900",
										"name": "Vegetariskt",
										"superCategories": []
									}
								]
							}
						]
					}
				],
				"accreditedTags": [
					{
						"code": "NYCKELHALET",
						"description": "Nyckelhålet",
						"imageUrl": "https://res.cloudinary.com/coopsverige/image/upload/v1618910221/cooponline/Labels%27/nyckelhal_RGB.png",
						"priority": 240
					}
				],
				"consumerInformationText": [
					"Fryst"
				],
				"maxStorageTemperature": "-18",
				"packageSize": 900.0,
				"packageSizeInformation": "900 g",
				"packageSizeUnit": "Gram",
				"salesPrice": 84.95,
				"salesPriceData": {
					"b2cPrice": 84.95,
					"b2bPrice": 75.85
				},
				"piecePrice": 84.95,
				"piecePriceData": {
					"b2cPrice": 84.95,
					"b2bPrice": 75.85
				},
				"salesUnit": "Styck",
				"comparativePriceText": "kr/kg",
				"comparativePrice": 94.39,
				"comparativePriceData": {
					"b2cPrice": 94.39,
					"b2bPrice": 84.28
				},
				"articleSold": false,
				"deposit": 0.0,
				"depositData": {
					"b2cPrice": 0.0,
					"b2bPrice": 0.0
				},
				"vat": {
					"code": "vat-full-2",
					"value": 12.0,
					"type": "Percentage"
				},
				"nutrientLinks": [
					{
						"amount": [
							"668"
						],
						"description": "Energi",
						"unit": "Kilojoule"
					},
					{
						"amount": [
							"160"
						],
						"description": "Energi",
						"unit": "Kilokalori"
					},
					{
						"amount": [
							"10"
						],
						"description": "Fett",
						"unit": "Gram"
					},
					{
						"amount": [
							"0.8"
						],
						"description": "Varav mättat fett",
						"unit": "Gram"
					},
					{
						"amount": [
							"4.7"
						],
						"description": "Kolhydrat",
						"unit": "Gram"
					},
					{
						"amount": [
							"0.7"
						],
						"description": "Varav sockerarter",
						"unit": "Gram"
					},
					{
						"amount": [
							"4.2"
						],
						"description": "Fiber",
						"unit": "Gram"
					},
					{
						"amount": [
							"11"
						],
						"description": "Protein",
						"unit": "Gram"
					},
					{
						"amount": [
							"1.0"
						],
						"description": "Salt",
						"unit": "Gram"
					}
				],
				"animalFoodData": {},
				"allergyInfo": [
					{
						"code": "VEGAN"
					}
				],
				"fromSweden": false,
				"availableOnline": true,
				"countryOfOriginCodes": [
					{
						"code": "752",
						"value": "Sverige"
					}
				],
				"nutritionalClaimData": {
					"nutritionalClaimTypeCode": {
						"code": "FREE_FROM",
						"value": "FREE_FROM"
					},
					"nutritionalClaimNutrientElementCode": {
						"code": "GLUTEN",
						"value": "GLUTEN"
					},
					"claimMarkedOnPackage": "TRUE"
				},
				"consumerInstructions": {
					"storageInstructions": "Djupfryst -18 °C eller lägre. Bör inte frysas efter upptining"
				},
				"preparationInstructions": "Tillagas från fryst. Stek i olja i förvärmd panna på medelhög värme ca 12 min. Vänd under tillagning.",
				"preparationInstructionsList": [
					"Tillagas från fryst. Stek i olja i förvärmd panna på medelhög värme ca 12 min. Vänd under tillagning."
				],
				"isMagazine": false,
				"nutrientBasis": {
					"quantity": 100.0
				},
				"pharmaceuticalData": {
					"isPharmaceutical": false
				},
				"nutrientInformation": [
					{
						"header": {
							"nutrientBasisQuantity": 100.0,
							"nutrientBasisQuantityType": "BY_MEASURE",
							"nutrientBasisQuantityUnit": {
								"code": "GRM",
								"value": "Gram"
							}
						}
					}
				],
				"regulatedProductName": "Veganska sojabullar",
				"sustainabilityInfoApplicable": true
			},
			{
				"id": "7613287424396",
				"type": "Product",
				"ean": "7613287424396",
				"name": "Schnitzel Vegan 3-pack",
				"manufacturerName": "Hälsans Kök",
				"description": "Prova den goda Hälsans Kök Vegan Schnitzel med perfekt tuggmotstånd. De är täckta med en god panering som blir krispig när den ugnsbakas eller steks för en utsökt smakkombination med den mjuka schnitzeln. Vår veganska schnitzel är rik på protein och är en källa till fiber. Denna mångsidiga schnitzel passar bra ihop med flera olika veganska rätter. Servera den med dina favoritgrönsaker, sallad eller olika sorters potatis. God ihop med potatismos och ärtor – gott och enkelt! Inga om och men, vi kompromissar aldrig med smaken.",
				"imageUrl": "http://res.cloudinary.com/coopsverige/image/upload/v1645062322/cloud/247013.tiff",
				"listOfIngredients": "Ingredienser: vatten/vann, SOJA-/SOYAPROTEIN 14,4%, ströbröd/kavring/rasp 16,9% [VETEMJÖL/HVEDE-/HVETEMEL, jäst/gær/gjær, salt, vegetabilisk olja/olje (raps), paprikaextrakt, kryddor/krydderier (paprika, gurkmeja/gurkmeie)], vegetabilisk olja/olje (raps, solros/solsikke) i varierande proportion, VETEMJÖL/HVEDE-/HVETEMEL, majsstärkelse/-stivelse, ättika/eddike/eddik, stabiliseringsmedel/ stabilisator (metylcellulosa, guarkärnmjöl/guargummi/guarkjernemel), citrusfibre, naturliga aromer, salt, lök-/løkpulver, vitlöks-/hvitløkspulver, surhetsreglerande medel/surhetsregulerende middel (kaliumhydroxid). Kan innehålla/inneholde SESAMFRÖN/SESAMFRØ, SENAP/SENNEP, SELLERI och/og ÄGG/EGG/ÆG.",
				"navCategories": [
					{
						"code": "33435",
						"name": "Övrig vegetariskt",
						"superCategories": [
							{
								"code": "193841567",
								"name": "Fryst",
								"superCategories": [
									{
										"code": "39033900",
										"name": "Vegetariskt",
										"superCategories": []
									}
								]
							}
						]
					}
				],
				"accreditedTags": [
					{
						"code": "EUROPEAN_V_LABEL_VEGAN"
					}
				],
				"consumerInformationText": [
					"Fryst"
				],
				"maxStorageTemperature": "-18",
				"packageSize": 270.0,
				"packageSizeInformation": "3 st",
				"packageSizeUnit": "Gram",
				"salesPrice": 41.5,
				"salesPriceData": {
					"b2cPrice": 41.5,
					"b2bPrice": 37.05
				},
				"piecePrice": 41.5,
				"piecePriceData": {
					"b2cPrice": 41.5,
					"b2bPrice": 37.05
				},
				"salesUnit": "Styck",
				"comparativePriceText": "kr/kg",
				"comparativePrice": 153.7,
				"comparativePriceData": {
					"b2cPrice": 153.7,
					"b2bPrice": 137.23
				},
				"articleSold": false,
				"deposit": 0.0,
				"depositData": {
					"b2cPrice": 0.0,
					"b2bPrice": 0.0
				},
				"vat": {
					"code": "vat-full-2",
					"value": 12.0,
					"type": "Percentage"
				},
				"nutrientLinks": [
					{
						"amount": [
							"983"
						],
						"description": "Energi",
						"unit": "Kilojoule"
					},
					{
						"amount": [
							"235"
						],
						"description": "Energi",
						"unit": "Kilokalori"
					},
					{
						"amount": [
							"11.7"
						],
						"description": "Fett",
						"unit": "Gram"
					},
					{
						"amount": [
							"0.8"
						],
						"description": "Varav mättat fett",
						"unit": "Gram"
					},
					{
						"amount": [
							"17.6"
						],
						"description": "Kolhydrat",
						"unit": "Gram"
					},
					{
						"amount": [
							"1.4"
						],
						"description": "Varav sockerarter",
						"unit": "Gram"
					},
					{
						"amount": [
							"5.3"
						],
						"description": "Fiber",
						"unit": "Gram"
					},
					{
						"amount": [
							"12.3"
						],
						"description": "Protein",
						"unit": "Gram"
					},
					{
						"amount": [
							"0.83"
						],
						"description": "Salt",
						"unit": "Gram"
					}
				],
				"animalFoodData": {},
				"fromSweden": false,
				"availableOnline": true,
				"countryOfOriginCodes": [
					{
						"code": "203",
						"value": "Tjeckien"
					}
				],
				"consumerInstructions": {
					"storageInstructions": "Förvaras djupfryst efter köp (-18°C eller kallare).",
					"usageInstructions": "Bör ej frysas efter upptining."
				},
				"preparationInstructions": "Tillagning från fryst: Hetta upp lite olja i en stekpanna på medelvärme. Stek i 4–7 minuter. Vänd då och då.|PIM_MULTIVALUE_SEPARATOR|Tillagning från fryst. Förvärm ugnen till 180 °C Baka på en smord bakplåt i 9–12 minuter. Vänd den en gång.",
				"preparationInstructionsList": [
					"Tillagning från fryst: Hetta upp lite olja i en stekpanna på medelvärme. Stek i 4–7 minuter. Vänd då och då.",
					"Tillagning från fryst. Förvärm ugnen till 180 °C Baka på en smord bakplåt i 9–12 minuter. Vänd den en gång."
				],
				"isMagazine": false,
				"nutrientBasis": {
					"quantity": 100.0
				},
				"pharmaceuticalData": {
					"isPharmaceutical": false
				},
				"nutrientInformation": [
					{
						"header": {
							"nutrientBasisQuantity": 100.0,
							"nutrientBasisQuantityType": "BY_MEASURE",
							"nutrientBasisQuantityUnit": {
								"code": "GRM",
								"value": "Gram"
							}
						}
					}
				],
				"sustainabilityInfo": [
					{
						"productScore": [
							{
								"score": 2.5,
								"param": "Biologisk mångfald",
								"paramId": "biodiversity"
							},
							{
								"score": 1.5,
								"param": "Klimat",
								"paramId": "climate"
							},
							{
								"score": 1.5,
								"param": "Bördighet",
								"paramId": "soil_fertility"
							},
							{
								"score": 2.0,
								"param": "Vatten",
								"paramId": "water"
							},
							{
								"score": 2.0,
								"param": "Bekämpningsmedel",
								"paramId": "pesticides"
							},
							{
								"score": 2.0,
								"param": "Övergödning",
								"paramId": "eutrophication"
							},
							{
								"score": null,
								"param": "Djuromsorg och antibiotika",
								"paramId": "animal_welfare_antibiotics"
							},
							{
								"score": 2.0,
								"param": "Arbetsförhållanden",
								"paramId": "working_conditions"
							},
							{
								"score": 2.5,
								"param": "Lokalbefolkning",
								"paramId": "local_population"
							},
							{
								"score": 3.0,
								"param": "Lagefterlevnad och spårbarhet",
								"paramId": "compliance_traceability"
							}
						]
					}
				],
				"sustainabilityInfoApplicable": true
			},
			{
				"id": "7613287421180",
				"type": "Product",
				"ean": "7613287421180",
				"name": "Nuggets Vegan ",
				"manufacturerName": "Hälsans Kök",
				"description": "Njut av den välbekanta texturen och smaken av Hälsans Kök Nuggets. Dessa veganska nuggets har mycket smak och textur och är täckta med en krispig panering. De är gjorda med växtbaserade ingredienser av hög kvalitet och adderar protein och fiber till måltiden. Hälsans Kök Vegetarian Nuggets är ett gott mellanmål eller en komponent till en växtbaserad måltid, både för barn och vuxna. Servera med pommes frites eller potatis och dina favoritgrönsaker – gott och enkelt! Inga om och men, vi kompromissar aldrig med smaken.",
				"imageUrl": "http://res.cloudinary.com/coopsverige/image/upload/v1702545262/cloud/310797.tiff",
				"listOfIngredients": "Ingredienser: vatten/vann, SOJA-/SOYAPROTEIN 15,5%,ströbröd/kavring/rasp 17,0% (VETEMJÖL/HVEDE-/HVETEMEL, vatten/vann, salt, jäst/gjær/gær, vegetabilisk olja/olje (raps), paprikaextrakt), vegetabilisk olja/olje (raps, solros/solsikke) i varierande proportion, VETEMJÖL/HVEDE-/HVETEMEL, majsstärkelse/-stivelse, ättika/eddike, stabiliseringsmedel/stabilisator (metylcellulosa, guarkärnmjöl/guargummi/guarkjernemel), citrusfibre, naturliga aromer, salt, lök-/løkpulver, vitlöks-/hvitløkspulver, surhetsreglerande medel/surhetsregulerende middel (kaliumhydroxid). Kan innehålla/inneholde SESAMFRÖN/SESAMFRØ, SENAP/SENNEP, SELLERI och ÄGG/ÆG/EGG.",
				"navCategories": [
					{
						"code": "33435",
						"name": "Övrig vegetariskt",
						"superCategories": [
							{
								"code": "193841567",
								"name": "Fryst",
								"superCategories": [
									{
										"code": "39033900",
										"name": "Vegetariskt",
										"superCategories": []
									}
								]
							}
						]
					}
				],
				"accreditedTags": [
					{
						"code": "EUROPEAN_V_LABEL_VEGAN"
					}
				],
				"consumerInformationText": [
					"Fryst"
				],
				"maxStorageTemperature": "-18",
				"packageSize": 300.0,
				"packageSizeInformation": "3+ port",
				"packageSizeUnit": "Gram",
				"salesPrice": 41.5,
				"salesPriceData": {
					"b2cPrice": 41.5,
					"b2bPrice": 37.05
				},
				"piecePrice": 41.5,
				"piecePriceData": {
					"b2cPrice": 41.5,
					"b2bPrice": 37.05
				},
				"salesUnit": "Styck",
				"comparativePriceText": "kr/kg",
				"comparativePrice": 138.33,
				"comparativePriceData": {
					"b2cPrice": 138.33,
					"b2bPrice": 123.51
				},
				"articleSold": false,
				"deposit": 0.0,
				"depositData": {
					"b2cPrice": 0.0,
					"b2bPrice": 0.0
				},
				"vat": {
					"code": "vat-full-2",
					"value": 12.0,
					"type": "Percentage"
				},
				"nutrientLinks": [
					{
						"amount": [
							"900"
						],
						"description": "Energi",
						"unit": "Kilojoule"
					},
					{
						"amount": [
							"215"
						],
						"description": "Energi",
						"unit": "Kilokalori"
					},
					{
						"amount": [
							"10.2"
						],
						"description": "Fett",
						"unit": "Gram"
					},
					{
						"amount": [
							"0.7"
						],
						"description": "Varav mättat fett",
						"unit": "Gram"
					},
					{
						"amount": [
							"15.0"
						],
						"description": "Kolhydrat",
						"unit": "Gram"
					},
					{
						"amount": [
							"0.7"
						],
						"description": "Varav sockerarter",
						"unit": "Gram"
					},
					{
						"amount": [
							"5.7"
						],
						"description": "Fiber",
						"unit": "Gram"
					},
					{
						"amount": [
							"13.1"
						],
						"description": "Protein",
						"unit": "Gram"
					},
					{
						"amount": [
							"1.0"
						],
						"description": "Salt",
						"unit": "Gram"
					}
				],
				"animalFoodData": {},
				"fromSweden": false,
				"availableOnline": true,
				"countryOfOriginCodes": [
					{
						"code": "203",
						"value": "Tjeckien"
					}
				],
				"consumerInstructions": {
					"storageInstructions": "Förvaras djupfryst efter köp (-18°C eller kallare).",
					"usageInstructions": "Bör ej frysas efter upptining."
				},
				"preparationInstructions": "Tillagning från fryst: Stekpanna 7-9 min. Lite olja. Vänd då och då.|PIM_MULTIVALUE_SEPARATOR|Tillagning från fryst. Ugn (180°C) 10-12 min. Vänd en gång.",
				"preparationInstructionsList": [
					"Tillagning från fryst: Stekpanna 7-9 min. Lite olja. Vänd då och då.",
					"Tillagning från fryst. Ugn (180°C) 10-12 min. Vänd en gång."
				],
				"isMagazine": false,
				"nutrientBasis": {
					"quantity": 100.0
				},
				"pharmaceuticalData": {
					"isPharmaceutical": false
				},
				"nutrientInformation": [
					{
						"header": {
							"nutrientBasisQuantity": 100.0,
							"nutrientBasisQuantityType": "BY_MEASURE",
							"nutrientBasisQuantityUnit": {
								"code": "GRM",
								"value": "Gram"
							}
						}
					}
				],
				"sustainabilityInfo": [
					{
						"productScore": [
							{
								"score": 2.0,
								"param": "Biologisk mångfald",
								"paramId": "biodiversity"
							},
							{
								"score": 1.5,
								"param": "Klimat",
								"paramId": "climate"
							},
							{
								"score": 1.5,
								"param": "Bördighet",
								"paramId": "soil_fertility"
							},
							{
								"score": 1.5,
								"param": "Vatten",
								"paramId": "water"
							},
							{
								"score": 2.0,
								"param": "Bekämpningsmedel",
								"paramId": "pesticides"
							},
							{
								"score": 1.5,
								"param": "Övergödning",
								"paramId": "eutrophication"
							},
							{
								"score": null,
								"param": "Djuromsorg och antibiotika",
								"paramId": "animal_welfare_antibiotics"
							},
							{
								"score": 2.0,
								"param": "Arbetsförhållanden",
								"paramId": "working_conditions"
							},
							{
								"score": 2.5,
								"param": "Lokalbefolkning",
								"paramId": "local_population"
							},
							{
								"score": 3.0,
								"param": "Lagefterlevnad och spårbarhet",
								"paramId": "compliance_traceability"
							}
						]
					}
				],
				"sustainabilityInfoApplicable": true
			},
			{
				"id": "7340024184502",
				"type": "Product",
				"ean": "7340024184502",
				"name": "Filéer Grillade ",
				"manufacturerName": "Hälsans Kök",
				"description": "Vi på Hälsans kök vill göra det lättare för alla att äta mer vegetariskt. Det ska vara enkelt och riktigt gott. Våra Grilled Fillets är gjorda på en bas av soja- och veteprotein. De är saftiga och passar utmärkt tillsammans med ugnsrostade grönsaker och tzatziki. Våra Grillade filéer ingår i vårt koncept, Vardagsfavoriter, och representerar ett urval av produkter som passar perfekt som huvudingrediens i rätter du gör regelbundet. Vardagsfavoriter är rika på protein och lätta att förbereda. Sortimentet består av burgare, filéer, bullar, schnitzel, nuggets och korv. Produkten kan innehålla spår av SESAMFRÖN, SENAP. Observera att det alltid är innehållsförteckningen på förpackningen som gäller.",
				"imageUrl": "http://res.cloudinary.com/coopsverige/image/upload/v1677832269/cloud/275920.tiff",
				"listOfIngredients": "Ingredienser: Vatten/Vann, SOJA-/SOYAPROTEIN (11,8%), vegetabiliska oljar/olier(solros/solsikke, raps i varierande proportion), lök/løk/løg, ÄGGVITE-/EGGVHITE-/ÆGGHVIDEPULVER, VETE-/HVETE-/HVEDEPROTEIN 3,7%, VETEMJÖL/HVETEMEL/HVEDEMEL, äppel-/eple-/æblepuré, vinäger/eddik/eddike, majsstärkelse/majsstivelse,ströbröd/kavring/rasp (VETEMJÖL/HVETEMEL/HVEDEMEL, vatten/vann, jäst/gjær/gær,salt, kryddextrakt/krydder-/krydderiekstrakt (paprika), kryddor/krydder/krydderi(gurkmeja/gurkemeie/gurkemeje)), potatisstärkelse/potet-/kartoffelstivelse, citrusfiber,rismjöl/-mel, torkad/tørket stekt lök/løk/løg (lök/løk/løg, solrosolja/solsikkeolie),lök-/løk-/løgpulver, aromer/aroma (innehållar SELLERI), vitlök/hvitløk/hvidløg,torkat/tørket jästextrakt/gjærekstrakt, salt, vitpeppar/hvit pepper/hvid peber.Kan innehålla/inneholde: SESAMFRÖN/SESAMFRØ och SENAP/SENNEP.",
				"navCategories": [
					{
						"code": "33429",
						"name": "Vegetarisk filé",
						"superCategories": [
							{
								"code": "193841567",
								"name": "Fryst",
								"superCategories": [
									{
										"code": "39033900",
										"name": "Vegetariskt",
										"superCategories": []
									}
								]
							}
						]
					},
					{
						"code": "156564005",
						"name": "Färs, Filé & bitar",
						"superCategories": [
							{
								"code": "156563963",
								"name": "Vegetariskt",
								"superCategories": [
									{
										"code": "25854",
										"name": "Frys",
										"superCategories": []
									}
								]
							}
						]
					}
				],
				"consumerInformationText": [
					"Fryst"
				],
				"maxStorageTemperature": "-18",
				"packageSize": 300.0,
				"packageSizeInformation": "300 g",
				"packageSizeUnit": "Gram",
				"salesPrice": 39.95,
				"salesPriceData": {
					"b2cPrice": 39.95,
					"b2bPrice": 35.67
				},
				"piecePrice": 39.95,
				"piecePriceData": {
					"b2cPrice": 39.95,
					"b2bPrice": 35.67
				},
				"salesUnit": "Styck",
				"comparativePriceText": "kr/kg",
				"comparativePrice": 133.17,
				"comparativePriceData": {
					"b2cPrice": 133.17,
					"b2bPrice": 118.9
				},
				"articleSold": false,
				"deposit": 0.0,
				"depositData": {
					"b2cPrice": 0.0,
					"b2bPrice": 0.0
				},
				"vat": {
					"code": "vat-full-2",
					"value": 12.0,
					"type": "Percentage"
				},
				"nutrientLinks": [
					{
						"amount": [],
						"description": "TEMP_DBCECDDEDE"
					},
					{
						"amount": [
							"148"
						],
						"description": "Energi",
						"unit": "Kilokalori"
					},
					{
						"amount": [
							"623"
						],
						"description": "Energi",
						"unit": "Kilojoule"
					},
					{
						"amount": [
							"4.0"
						],
						"description": "Fett",
						"unit": "Gram"
					},
					{
						"amount": [
							"0.5"
						],
						"description": "Varav mättat fett",
						"unit": "Gram"
					},
					{
						"amount": [
							"9.4"
						],
						"description": "Kolhydrat",
						"unit": "Gram"
					},
					{
						"amount": [
							"2.7"
						],
						"description": "Varav sockerarter",
						"unit": "Gram"
					},
					{
						"amount": [
							"5.8"
						],
						"description": "Fiber",
						"unit": "Gram"
					},
					{
						"amount": [
							"15.8"
						],
						"description": "Protein",
						"unit": "Gram"
					},
					{
						"amount": [
							"1.3"
						],
						"description": "Salt",
						"unit": "Gram"
					}
				],
				"animalFoodData": {},
				"allergyInfo": [
					{
						"code": "VEGETARIAN"
					}
				],
				"fromSweden": false,
				"availableOnline": true,
				"countryOfOriginCodes": [
					{
						"code": "203",
						"value": "Tjeckien"
					}
				],
				"preparationInstructions": "Stekpanna 5-7 min. Lite olja. Vänd då och då.|PIM_MULTIVALUE_SEPARATOR|Ugn (180° C). 10-12 minuter. Vänd en gång.",
				"preparationInstructionsList": [
					"Stekpanna 5-7 min. Lite olja. Vänd då och då.",
					"Ugn (180° C). 10-12 minuter. Vänd en gång."
				],
				"isMagazine": false,
				"nutrientBasis": {
					"quantity": 100.0
				},
				"servingSizeDescription": "75",
				"pharmaceuticalData": {
					"isPharmaceutical": false
				},
				"nutrientInformation": [
					{
						"header": {
							"nutrientBasisQuantity": 100.0,
							"nutrientBasisQuantityType": "BY_MEASURE",
							"nutrientBasisQuantityUnit": {
								"code": "GRM",
								"value": "Gram"
							}
						}
					}
				],
				"sustainabilityInfoApplicable": true
			},
			{
				"id": "7035110400726",
				"type": "Product",
				"ean": "7035110400726",
				"name": "Fishless Fingers",
				"manufacturerName": "Green Cuisine",
				"description": "Green Cuisine Fishless Fingers är ett vegetariskt alternativ till fiskpinnar och det självklara middagsvalet när tiden är knapp och man inte vill tumma på smak. Inte nog med att de är helt oemotståndliga, Green Cuisine Fishless Fingers är även rika på OMEGA 3 och protein, visst är det klockrent? Tillaga enkelt i ugn i ca 12 minuter, den som väntar på något gott väntar aldrig för länge. Passar perfekt att servera tillsammans med en dipp med lite sting, eller varför inte liva upp vardagen ordentligt, addera dessa godbitar i din taco och vi lovar att det kommer att bli en riktig fiesta.",
				"imageUrl": "http://res.cloudinary.com/coopsverige/image/upload/v1705460712/cloud/319251.tiff",
				"listOfIngredients": "Risflingor, VETEMJÖL, vatten, vegetabiliska oljor (raps, solros, i varierande proportioner), VETEGLUTEN, potatisstärkelse, naturlig arom, VETEFIBER, salt, paprikapulver, jäst, gurkmeja.",
				"navCategories": [
					{
						"code": "33435",
						"name": "Övrig vegetariskt",
						"superCategories": [
							{
								"code": "193841567",
								"name": "Fryst",
								"superCategories": [
									{
										"code": "39033900",
										"name": "Vegetariskt",
										"superCategories": []
									}
								]
							}
						]
					}
				],
				"consumerInformationText": [
					"Fryst"
				],
				"maxStorageTemperature": "-18",
				"packageSize": 336.0,
				"packageSizeInformation": "336 g",
				"packageSizeUnit": "Gram",
				"salesPrice": 36.95,
				"salesPriceData": {
					"b2cPrice": 36.95,
					"b2bPrice": 32.99
				},
				"piecePrice": 36.95,
				"piecePriceData": {
					"b2cPrice": 36.95,
					"b2bPrice": 32.99
				},
				"salesUnit": "Styck",
				"comparativePriceText": "kr/kg",
				"comparativePrice": 109.97,
				"comparativePriceData": {
					"b2cPrice": 109.97,
					"b2bPrice": 98.19
				},
				"articleSold": false,
				"deposit": 0.0,
				"depositData": {
					"b2cPrice": 0.0,
					"b2bPrice": 0.0
				},
				"vat": {
					"code": "vat-full-2",
					"value": 12.0,
					"type": "Percentage"
				},
				"nutrientLinks": [
					{
						"amount": [
							"257"
						],
						"description": "Energi",
						"unit": "Kilokalori"
					},
					{
						"amount": [
							"1073"
						],
						"description": "Energi",
						"unit": "Kilojoule"
					},
					{
						"amount": [
							"13"
						],
						"description": "Fett",
						"unit": "Gram"
					},
					{
						"amount": [
							"0.9"
						],
						"description": "Varav mättat fett",
						"unit": "Gram"
					},
					{
						"amount": [
							"26"
						],
						"description": "Kolhydrat",
						"unit": "Gram"
					},
					{
						"amount": [
							"1.7"
						],
						"description": "Varav sockerarter",
						"unit": "Gram"
					},
					{
						"amount": [
							"2.0"
						],
						"description": "Fiber",
						"unit": "Gram"
					},
					{
						"amount": [
							"7.9"
						],
						"description": "Protein",
						"unit": "Gram"
					},
					{
						"amount": [
							"1.3"
						],
						"description": "Salt",
						"unit": "Gram"
					}
				],
				"animalFoodData": {},
				"allergyInfo": [
					{
						"code": "VEGAN"
					}
				],
				"fromSweden": false,
				"availableOnline": true,
				"countryOfOriginCodes": [
					{
						"code": "276",
						"value": "Tyskland"
					}
				],
				"consumerInstructions": {
					"storageInstructions": "FÖRVARING OCH MINSTA HÅLLBARHET:I frysutrymme (-18°C eller kallare), se datummärkning.Bör alltid förvaras fryst. Bör ej frysas efter upptining."
				},
				"preparationInstructions": "TILLAGAS FRÅN DJUPFRYSTUGN 230°C i ca 12 minuter.1. Värm ugnen till 230°C.2. Lägg pinnarna på en plåt med bakplåtspapper.3. Tillaga högst upp i ugnen i ca. 12 min. (10 min. i varmluftsugn)4. Vänd på pinnarna efter halva tillagningstiden.MÅSTE TILLAGASTillagningstiden kan variera, kontrollera att maten är genomvarm innan servering.",
				"preparationInstructionsList": [
					"TILLAGAS FRÅN DJUPFRYSTUGN 230°C i ca 12 minuter.1. Värm ugnen till 230°C.2. Lägg pinnarna på en plåt med bakplåtspapper.3. Tillaga högst upp i ugnen i ca. 12 min. (10 min. i varmluftsugn)4. Vänd på pinnarna efter halva tillagningstiden.MÅSTE TILLAGASTillagningstiden kan variera, kontrollera att maten är genomvarm innan servering."
				],
				"isMagazine": false,
				"nutrientBasis": {
					"quantity": 100.0
				},
				"pharmaceuticalData": {
					"isPharmaceutical": false
				},
				"nutrientInformation": [
					{
						"header": {
							"nutrientBasisQuantity": 100.0,
							"nutrientBasisQuantityType": "BY_MEASURE",
							"nutrientBasisQuantityUnit": {
								"code": "GRM",
								"value": "Gram"
							}
						}
					}
				],
				"sustainabilityInfoApplicable": true
			},
			{
				"id": "7350113940629",
				"type": "Product",
				"ean": "7350113940629",
				"name": "Falafel",
				"manufacturerName": "ZEINAS",
				"description": "Smakrika kikärtsbollar, krispiga på utsidan och mjuka inuti. Klassiskt kryddade med persilja, koriander, spiskummin och vitlök. Tillverkad i Sverige och glutenfri. Perfekt till både lunch och middag!",
				"imageUrl": "http://res.cloudinary.com/coopsverige/image/upload/v1706517408/cloud/323097.tiff",
				"listOfIngredients": "Kikärtor* 66,8%, lök, rapsolja, persilja 3%, salt, SESAMFRÖN, vitlök 1%, koriander, kryddor. *Ursprung kikärtor: Icke-EU.",
				"navCategories": [
					{
						"code": "33425",
						"name": "Falafel",
						"superCategories": [
							{
								"code": "193841567",
								"name": "Fryst",
								"superCategories": [
									{
										"code": "39033900",
										"name": "Vegetariskt",
										"superCategories": []
									}
								]
							}
						]
					}
				],
				"consumerInformationText": [
					"Fryst"
				],
				"maxStorageTemperature": "-18",
				"packageSize": 400.0,
				"packageSizeInformation": "400 g",
				"packageSizeUnit": "Gram",
				"salesPrice": 37.5,
				"salesPriceData": {
					"b2cPrice": 37.5,
					"b2bPrice": 33.48
				},
				"piecePrice": 37.5,
				"piecePriceData": {
					"b2cPrice": 37.5,
					"b2bPrice": 33.48
				},
				"salesUnit": "Styck",
				"comparativePriceText": "kr/kg",
				"comparativePrice": 93.75,
				"comparativePriceData": {
					"b2cPrice": 93.75,
					"b2bPrice": 83.71
				},
				"articleSold": false,
				"deposit": 0.0,
				"depositData": {
					"b2cPrice": 0.0,
					"b2bPrice": 0.0
				},
				"vat": {
					"code": "vat-full-2",
					"value": 12.0,
					"type": "Percentage"
				},
				"nutrientLinks": [
					{
						"amount": [
							"1180"
						],
						"description": "Energi",
						"unit": "Kilojoule"
					},
					{
						"amount": [
							"282"
						],
						"description": "Energi",
						"unit": "Kilokalori"
					},
					{
						"amount": [
							"16"
						],
						"description": "Fett",
						"unit": "Gram"
					},
					{
						"amount": [
							"2"
						],
						"description": "Varav mättat fett",
						"unit": "Gram"
					},
					{
						"amount": [
							"22"
						],
						"description": "Kolhydrat",
						"unit": "Gram"
					},
					{
						"amount": [
							"0.3"
						],
						"description": "Varav sockerarter",
						"unit": "Gram"
					},
					{
						"amount": [
							"4.5"
						],
						"description": "Fiber",
						"unit": "Gram"
					},
					{
						"amount": [
							"10"
						],
						"description": "Protein",
						"unit": "Gram"
					},
					{
						"amount": [
							"2"
						],
						"description": "Salt",
						"unit": "Gram"
					}
				],
				"animalFoodData": {},
				"fromSweden": false,
				"availableOnline": true,
				"countryOfOriginCodes": [
					{
						"code": "752",
						"value": "Sverige"
					}
				],
				"isMagazine": false,
				"nutrientBasis": {
					"quantity": 100.0
				},
				"pharmaceuticalData": {
					"isPharmaceutical": false
				},
				"nutrientInformation": [
					{
						"header": {
							"nutrientBasisQuantity": 100.0,
							"nutrientBasisQuantityType": "BY_MEASURE",
							"nutrientBasisQuantityUnit": {
								"code": "GRM",
								"value": "Gram"
							}
						}
					}
				],
				"sustainabilityInfoApplicable": true
			},
			{
				"id": "7310240121148",
				"type": "Product",
				"ean": "7310240121148",
				"name": "Vegokorv ",
				"manufacturerName": "Anamma",
				"description": "Vegansk korv från Anamma är baserad på sojaprotein och fri från gluten. Vegokorven har en mild och god smak som passar alla. Den passar lika bra på grillen som i en korvstroganoff. \n\nAnamma står för riktigt god vegansk mat som lagas med omtanke för dig, djuren och miljön. Vegokorven har ca 60% mindre klimatpåverkan jämfört med grillkorv. Läs mer om Anamma och hur de har räknat ut klimatpåverkan på anamma.eu",
				"imageUrl": "http://res.cloudinary.com/coopsverige/image/upload/v1695823728/cloud/291665.tiff",
				"listOfIngredients": "Vatten, SOJAprotein (11 %), rapsolja, ärtprotein (3,5 %), lök, citrusfiber, kryddor (bl.a. paprika, koriander), salt, potatisstärkelse, ärtstärkelse, vitlök, tomat, rödbetspulver, naturlig arom, rökarom, stabiliseringsmedel (metylcellulosa).",
				"navCategories": [
					{
						"code": "33431",
						"name": "Vegetarisk korv",
						"superCategories": [
							{
								"code": "193841567",
								"name": "Fryst",
								"superCategories": [
									{
										"code": "39033900",
										"name": "Vegetariskt",
										"superCategories": []
									}
								]
							}
						]
					},
					{
						"code": "156564064",
						"name": "Färdigt att värma",
						"superCategories": [
							{
								"code": "156563963",
								"name": "Vegetariskt",
								"superCategories": [
									{
										"code": "25854",
										"name": "Frys",
										"superCategories": []
									}
								]
							}
						]
					}
				],
				"consumerInformationText": [
					"Fryst"
				],
				"maxStorageTemperature": "-18",
				"packageSize": 840.0,
				"packageSizeInformation": "840 g",
				"packageSizeUnit": "Gram",
				"salesPrice": 84.95,
				"salesPriceData": {
					"b2cPrice": 84.95,
					"b2bPrice": 75.85
				},
				"piecePrice": 84.95,
				"piecePriceData": {
					"b2cPrice": 84.95,
					"b2bPrice": 75.85
				},
				"salesUnit": "Styck",
				"comparativePriceText": "kr/kg",
				"comparativePrice": 101.13,
				"comparativePriceData": {
					"b2cPrice": 101.13,
					"b2bPrice": 90.29
				},
				"articleSold": false,
				"deposit": 0.0,
				"depositData": {
					"b2cPrice": 0.0,
					"b2bPrice": 0.0
				},
				"vat": {
					"code": "vat-full-2",
					"value": 12.0,
					"type": "Percentage"
				},
				"nutrientLinks": [
					{
						"amount": [
							"729"
						],
						"description": "Energi",
						"unit": "Kilojoule"
					},
					{
						"amount": [
							"174"
						],
						"description": "Energi",
						"unit": "Kilokalori"
					},
					{
						"amount": [
							"12"
						],
						"description": "Fett",
						"unit": "Gram"
					},
					{
						"amount": [
							"0.9"
						],
						"description": "Varav mättat fett",
						"unit": "Gram"
					}
				],
				"animalFoodData": {},
				"allergyInfo": [
					{
						"code": "VEGAN"
					}
				],
				"fromSweden": false,
				"availableOnline": true,
				"countryOfOriginCodes": [
					{
						"code": "752",
						"value": "Sverige"
					}
				],
				"nutritionalClaimData": {
					"nutritionalClaimTypeCode": {
						"code": "FREE_FROM",
						"value": "FREE_FROM"
					},
					"nutritionalClaimNutrientElementCode": {
						"code": "GLUTEN",
						"value": "GLUTEN"
					},
					"claimMarkedOnPackage": "TRUE"
				},
				"consumerInstructions": {
					"storageInstructions": "Djupfryst -18 °C eller lägre. Bör inte frysas efter upptining"
				},
				"preparationInstructions": "Tillagas från fryst. Stek i olja i förvärmd panna på medelhög värme ca 12 min. Vänd under tillagning.",
				"preparationInstructionsList": [
					"Tillagas från fryst. Stek i olja i förvärmd panna på medelhög värme ca 12 min. Vänd under tillagning."
				],
				"isMagazine": false,
				"nutrientBasis": {
					"quantity": 100.0
				},
				"pharmaceuticalData": {
					"isPharmaceutical": false
				},
				"nutrientInformation": [
					{
						"header": {
							"nutrientBasisQuantity": 100.0,
							"nutrientBasisQuantityType": "BY_MEASURE",
							"nutrientBasisQuantityUnit": {
								"code": "GRM",
								"value": "Gram"
							}
						}
					}
				],
				"regulatedProductName": "Vegansk korv av soja- och ärtprotein",
				"sustainabilityInfoApplicable": true
			},
			{
				"id": "7310130013379",
				"type": "Product",
				"ean": "7310130013379",
				"name": "Crispy Supreme",
				"manufacturerName": "MAX",
				"description": "En riktigt god burgare baserad på ärtor från svenska bönder. Växtbaserat och frasigt med lite hetta från jalapeño. Produkten är en källa till protein, är glutenfri och helt vegansk. Servera som en burgare med bröd och favorittillbehör.",
				"imageUrl": "http://res.cloudinary.com/coopsverige/image/upload/v1689743479/cloud/286191.tiff",
				"listOfIngredients": "Vatten, glutenfri panering (rapsolja, rismjöl, kikärtsmjöl, majsstärkelse, majsmjöl,potatisstärkelse, salt, druvsocker, stabiliseringsmedel (dinatriumdifosfat,natriumvätekarbonat), förtjockningsmedel (xantangummi)), ärtprotein* 13%,vegetabiliska oljor (raps, shea), stabiliseringsmedel (metylcellulosa), salt,jalapeño, naturliga aromer, lök, druvsocker, potatisfiber, vitlök, svartpeppar,majsstärkelse, arom, citronjuicepulver, timjan, grönsaksbuljong (salt, lök,purjolök, morotsextrakt, kryddor).*Svenskodlade ärtor.Stekta i rapsolja.",
				"navCategories": [
					{
						"code": "33434",
						"name": "Vegetariska hamburgare",
						"superCategories": [
							{
								"code": "193841567",
								"name": "Fryst",
								"superCategories": [
									{
										"code": "39033900",
										"name": "Vegetariskt",
										"superCategories": []
									}
								]
							}
						]
					}
				],
				"consumerInformationText": [
					"Fryst"
				],
				"maxStorageTemperature": "-18",
				"packageSize": 360.0,
				"packageSizeInformation": "360 g",
				"packageSizeUnit": "Gram",
				"salesPrice": 55.95,
				"salesPriceData": {
					"b2cPrice": 55.95,
					"b2bPrice": 49.96
				},
				"piecePrice": 55.95,
				"piecePriceData": {
					"b2cPrice": 55.95,
					"b2bPrice": 49.96
				},
				"salesUnit": "Styck",
				"comparativePriceText": "kr/kg",
				"comparativePrice": 155.42,
				"comparativePriceData": {
					"b2cPrice": 155.42,
					"b2bPrice": 138.77
				},
				"articleSold": false,
				"deposit": 0.0,
				"depositData": {
					"b2cPrice": 0.0,
					"b2bPrice": 0.0
				},
				"vat": {
					"code": "vat-full-2",
					"value": 12.0,
					"type": "Percentage"
				},
				"nutrientLinks": [
					{
						"amount": [
							"1193"
						],
						"description": "Energi",
						"unit": "Kilojoule"
					},
					{
						"amount": [
							"285"
						],
						"description": "Energi",
						"unit": "Kilokalori"
					},
					{
						"amount": [
							"20"
						],
						"description": "Fett",
						"unit": "Gram"
					},
					{
						"amount": [
							"2.5"
						],
						"description": "Varav mättat fett",
						"unit": "Gram"
					},
					{
						"amount": [
							"13"
						],
						"description": "Kolhydrat",
						"unit": "Gram"
					},
					{
						"amount": [
							"0.9"
						],
						"description": "Varav sockerarter",
						"unit": "Gram"
					},
					{
						"amount": [
							"3.0"
						],
						"description": "Fiber",
						"unit": "Gram"
					},
					{
						"amount": [
							"12"
						],
						"description": "Protein",
						"unit": "Gram"
					},
					{
						"amount": [
							"1.6"
						],
						"description": "Salt",
						"unit": "Gram"
					}
				],
				"animalFoodData": {},
				"allergyInfo": [
					{
						"code": "VEGAN"
					}
				],
				"fromSweden": false,
				"availableOnline": true,
				"nutritionalClaimData": {
					"nutritionalClaimTypeCode": {
						"code": "FREE_FROM",
						"value": "FREE_FROM"
					},
					"nutritionalClaimNutrientElementCode": {
						"code": "GLUTEN",
						"value": "GLUTEN"
					},
					"claimMarkedOnPackage": "TRUE"
				},
				"consumerInstructions": {
					"storageInstructions": "Frysvara"
				},
				"isMagazine": false,
				"nutrientBasis": {
					"quantity": 100.0
				},
				"pharmaceuticalData": {
					"isPharmaceutical": false
				},
				"nutrientInformation": [
					{
						"header": {
							"nutrientBasisQuantity": 100.0,
							"nutrientBasisQuantityType": "BY_MEASURE",
							"nutrientBasisQuantityUnit": {
								"code": "GRM",
								"value": "Gram"
							}
						}
					}
				],
				"sustainabilityInfo": [
					{
						"productScore": [
							{
								"score": 2.0,
								"param": "Biologisk mångfald",
								"paramId": "biodiversity"
							},
							{
								"score": 1.0,
								"param": "Klimat",
								"paramId": "climate"
							},
							{
								"score": 1.5,
								"param": "Bördighet",
								"paramId": "soil_fertility"
							},
							{
								"score": 1.0,
								"param": "Vatten",
								"paramId": "water"
							},
							{
								"score": 1.5,
								"param": "Bekämpningsmedel",
								"paramId": "pesticides"
							},
							{
								"score": 1.5,
								"param": "Övergödning",
								"paramId": "eutrophication"
							},
							{
								"score": null,
								"param": "Djuromsorg och antibiotika",
								"paramId": "animal_welfare_antibiotics"
							},
							{
								"score": 1.0,
								"param": "Arbetsförhållanden",
								"paramId": "working_conditions"
							},
							{
								"score": 1.0,
								"param": "Lokalbefolkning",
								"paramId": "local_population"
							},
							{
								"score": 1.0,
								"param": "Lagefterlevnad och spårbarhet",
								"paramId": "compliance_traceability"
							}
						]
					}
				],
				"sustainabilityInfoApplicable": true
			},
			{
				"id": "7310500183305",
				"type": "Product",
				"ean": "7310500183305",
				"name": "Spenatpinnar",
				"manufacturerName": "Green Cuisine",
				"description": "En unik produkt i frysen, lakto-vegetariska Green Cuisine Spenatpinnar från Findus. Våra Spenatpinnar är krispigt sprödbakade fyllda med krämig spenat. Panerade med pretzelsmulor och en nypa salt gör våra Green Cuisine Spenatpinnar härligt krispiga. Ät som tilltugg eller låt dem spela huvudrollen på tallriken. Ett perfekt alternativ för att få barnen att äta mer grönsaker. Grönt, gott, krispigt och krämigt!",
				"imageUrl": "http://res.cloudinary.com/coopsverige/image/upload/v1705460131/cloud/319245.tiff",
				"listOfIngredients": "Spenat 41 %, pretzelsmulor 14 % (VETEMJÖL/HVETEMEL, surhetsreglerande medel (E524), jäst/gjær, rapsolja, salt), potatisflinga/potetflak, VETEMJÖL/HVETEMEL, vatten, rapsolja, skorpsmulor/brødsmuler (VETEMJÖL/HVETEMEL, surhetsreglerande medel (E524), socker, salt, druvsocker, jäst/gjær, paprikapulver)), grädde/fløte (MJÖLK/MELK), SKUMMJÖLKSPULVER/SKUMMETMELKPULVER, risstärkelse/risstivelse, socker, salt, potatis, havssalt 0,2 %, muskotnöt, vitpeppar, jäst/gjær.",
				"navCategories": [
					{
						"code": "33435",
						"name": "Övrig vegetariskt",
						"superCategories": [
							{
								"code": "193841567",
								"name": "Fryst",
								"superCategories": [
									{
										"code": "39033900",
										"name": "Vegetariskt",
										"superCategories": []
									}
								]
							}
						]
					},
					{
						"code": "156564064",
						"name": "Färdigt att värma",
						"superCategories": [
							{
								"code": "156563963",
								"name": "Vegetariskt",
								"superCategories": [
									{
										"code": "25854",
										"name": "Frys",
										"superCategories": []
									}
								]
							}
						]
					}
				],
				"consumerInformationText": [
					"Fryst"
				],
				"maxStorageTemperature": "-18",
				"packageSize": 284.0,
				"packageSizeInformation": "284 g",
				"packageSizeUnit": "Gram",
				"salesPrice": 30.95,
				"salesPriceData": {
					"b2cPrice": 30.95,
					"b2bPrice": 27.63
				},
				"piecePrice": 30.95,
				"piecePriceData": {
					"b2cPrice": 30.95,
					"b2bPrice": 27.63
				},
				"salesUnit": "Styck",
				"comparativePriceText": "kr/kg",
				"comparativePrice": 108.98,
				"comparativePriceData": {
					"b2cPrice": 108.98,
					"b2bPrice": 97.3
				},
				"articleSold": false,
				"deposit": 0.0,
				"depositData": {
					"b2cPrice": 0.0,
					"b2bPrice": 0.0
				},
				"vat": {
					"code": "vat-full-2",
					"value": 12.0,
					"type": "Percentage"
				},
				"nutrientLinks": [
					{
						"amount": [
							"239"
						],
						"description": "Energi",
						"unit": "Kilokalori"
					},
					{
						"amount": [
							"1001"
						],
						"description": "Energi",
						"unit": "Kilojoule"
					},
					{
						"amount": [
							"9.5"
						],
						"description": "Fett",
						"unit": "Gram"
					},
					{
						"amount": [
							"1.1"
						],
						"description": "Varav mättat fett",
						"unit": "Gram"
					},
					{
						"amount": [
							"31"
						],
						"description": "Kolhydrat",
						"unit": "Gram"
					},
					{
						"amount": [
							"2.3"
						],
						"description": "Varav sockerarter",
						"unit": "Gram"
					},
					{
						"amount": [
							"2.6"
						],
						"description": "Fiber",
						"unit": "Gram"
					},
					{
						"amount": [
							"6"
						],
						"description": "Protein",
						"unit": "Gram"
					},
					{
						"amount": [
							"1"
						],
						"description": "Salt",
						"unit": "Gram"
					},
					{
						"amount": [
							"258"
						],
						"description": "Vitamin A",
						"unit": "Mikrogram",
						"percentageOfDailyIntake": "32"
					}
				],
				"animalFoodData": {},
				"fromSweden": false,
				"availableOnline": true,
				"countryOfOriginCodes": [
					{
						"code": "276",
						"value": "Tyskland"
					}
				],
				"consumerInstructions": {
					"storageInstructions": "FÖRVARING OCH MINSTA HÅLLBARHET: I frysutrymme (-18ºC eller kallare), se datummärkning. Bör alltid förvaras fryst. Bör ej frysas efter upptining.",
					"usageInstructions": "ÅTERVINN/GJENNVINN FÖRPACKNINGEN! Sorteras som kartong."
				},
				"preparationInstructions": "VARMLUFTSUGN 200ºC 10-12 minLägg spenatpinnarna på plåt/brett med bakplåtspapper/bakepapir. Tillaga 10-12 minuter.|PIM_MULTIVALUE_SEPARATOR|STEKPANNA 8-10 minStek på medelvärme i lite olja 8-10 min. Vänd emellanåt tills spenatpinnen är genomvarm och gyllenbrun.",
				"preparationInstructionsList": [
					"VARMLUFTSUGN 200ºC 10-12 minLägg spenatpinnarna på plåt/brett med bakplåtspapper/bakepapir. Tillaga 10-12 minuter.",
					"STEKPANNA 8-10 minStek på medelvärme i lite olja 8-10 min. Vänd emellanåt tills spenatpinnen är genomvarm och gyllenbrun."
				],
				"isMagazine": false,
				"nutrientBasis": {
					"quantity": 100.0
				},
				"pharmaceuticalData": {
					"isPharmaceutical": false
				},
				"nutrientInformation": [
					{
						"header": {
							"nutrientBasisQuantity": 100.0,
							"nutrientBasisQuantityType": "BY_MEASURE",
							"nutrientBasisQuantityUnit": {
								"code": "GRM",
								"value": "Gram"
							}
						}
					}
				],
				"sustainabilityInfo": [
					{
						"productScore": [
							{
								"score": 4.0,
								"param": "Biologisk mångfald",
								"paramId": "biodiversity"
							},
							{
								"score": 1.5,
								"param": "Klimat",
								"paramId": "climate"
							},
							{
								"score": 1.5,
								"param": "Bördighet",
								"paramId": "soil_fertility"
							},
							{
								"score": 3.5,
								"param": "Vatten",
								"paramId": "water"
							},
							{
								"score": 3.5,
								"param": "Bekämpningsmedel",
								"paramId": "pesticides"
							},
							{
								"score": 3.5,
								"param": "Övergödning",
								"paramId": "eutrophication"
							},
							{
								"score": null,
								"param": "Djuromsorg och antibiotika",
								"paramId": "animal_welfare_antibiotics"
							},
							{
								"score": 2.0,
								"param": "Arbetsförhållanden",
								"paramId": "working_conditions"
							},
							{
								"score": 2.0,
								"param": "Lokalbefolkning",
								"paramId": "local_population"
							},
							{
								"score": 1.5,
								"param": "Lagefterlevnad och spårbarhet",
								"paramId": "compliance_traceability"
							}
						]
					}
				],
				"sustainabilityInfoApplicable": true
			},
			{
				"id": "7300156586155",
				"type": "Product",
				"ean": "7300156586155",
				"name": "Vegofärs",
				"manufacturerName": "Coop",
				"imageUrl": "http://res.cloudinary.com/coopsverige/image/upload/v1631005649/cloud/233531.jpg",
				"listOfIngredients": "INGREDIENSER: Vatten, SOJAPROTEIN 29% (Serbien), rapsolja, lökpulver, salt, äpplejuicekoncentrat, karamelliserat socker.",
				"navCategories": [
					{
						"code": "33430",
						"name": "Vegetarisk färs",
						"superCategories": [
							{
								"code": "193841567",
								"name": "Fryst",
								"superCategories": [
									{
										"code": "39033900",
										"name": "Vegetariskt",
										"superCategories": []
									}
								]
							}
						]
					},
					{
						"code": "156564005",
						"name": "Färs, Filé & bitar",
						"superCategories": [
							{
								"code": "156563963",
								"name": "Vegetariskt",
								"superCategories": [
									{
										"code": "25854",
										"name": "Frys",
										"superCategories": []
									}
								]
							}
						]
					}
				],
				"accreditedTags": [
					{
						"code": "NYCKELHALET",
						"description": "Nyckelhålet",
						"imageUrl": "https://res.cloudinary.com/coopsverige/image/upload/v1618910221/cooponline/Labels%27/nyckelhal_RGB.png",
						"priority": 240
					}
				],
				"consumerInformationText": [
					"Fryst"
				],
				"maxStorageTemperature": "-18",
				"packageSize": 300.0,
				"packageSizeInformation": "300 g",
				"packageSizeUnit": "Gram",
				"salesPrice": 32.5,
				"salesPriceData": {
					"b2cPrice": 32.5,
					"b2bPrice": 29.02
				},
				"piecePrice": 32.5,
				"piecePriceData": {
					"b2cPrice": 32.5,
					"b2bPrice": 29.02
				},
				"salesUnit": "Styck",
				"comparativePriceText": "kr/kg",
				"comparativePrice": 108.33,
				"comparativePriceData": {
					"b2cPrice": 108.33,
					"b2bPrice": 96.72
				},
				"articleSold": false,
				"deposit": 0.0,
				"depositData": {
					"b2cPrice": 0.0,
					"b2bPrice": 0.0
				},
				"vat": {
					"code": "vat-full-2",
					"value": 12.0,
					"type": "Percentage"
				},
				"nutrientLinks": [
					{
						"amount": [
							"190"
						],
						"description": "Energi",
						"unit": "Kilokalori"
					},
					{
						"amount": [
							"793"
						],
						"description": "Energi",
						"unit": "Kilojoule"
					},
					{
						"amount": [
							"9.8"
						],
						"description": "Fett",
						"unit": "Gram"
					},
					{
						"amount": [
							"0.7"
						],
						"description": "Varav mättat fett",
						"unit": "Gram"
					},
					{
						"amount": [
							"7.0"
						],
						"description": "Kolhydrat",
						"unit": "Gram"
					},
					{
						"amount": [
							"2.8"
						],
						"description": "Varav sockerarter",
						"unit": "Gram"
					},
					{
						"amount": [
							"4.9"
						],
						"description": "Fiber",
						"unit": "Gram"
					},
					{
						"amount": [
							"16"
						],
						"description": "Protein",
						"unit": "Gram"
					},
					{
						"amount": [
							"0.60"
						],
						"description": "Salt",
						"unit": "Gram"
					}
				],
				"animalFoodData": {},
				"allergyInfo": [
					{
						"code": "VEGAN"
					}
				],
				"fromSweden": false,
				"availableOnline": true,
				"countryOfOriginCodes": [
					{
						"code": "752",
						"value": "Sverige"
					}
				],
				"preparationInstructions": "Hetta upp ca 2 tsk neutral olja i en stekpanna på högsta värme. Lägg i den frysta färsen och sänk till medelvärme. Stek ca 8-12 min. Rör om några gånger under stekningen.",
				"preparationInstructionsList": [
					"Hetta upp ca 2 tsk neutral olja i en stekpanna på högsta värme. Lägg i den frysta färsen och sänk till medelvärme. Stek ca 8-12 min. Rör om några gånger under stekningen."
				],
				"isMagazine": false,
				"nutrientBasis": {
					"quantity": 100.0
				},
				"pharmaceuticalData": {
					"isPharmaceutical": false
				},
				"nutrientInformation": [
					{
						"header": {
							"nutrientBasisQuantity": 100.0,
							"nutrientBasisQuantityType": "BY_MEASURE",
							"nutrientBasisQuantityUnit": {
								"code": "GRM",
								"value": "Gram"
							}
						}
					}
				],
				"sustainabilityInfo": [
					{
						"productScore": [
							{
								"score": 2.0,
								"param": "Biologisk mångfald",
								"paramId": "biodiversity"
							},
							{
								"score": 1.5,
								"param": "Klimat",
								"paramId": "climate"
							},
							{
								"score": 1.5,
								"param": "Bördighet",
								"paramId": "soil_fertility"
							},
							{
								"score": 1.5,
								"param": "Vatten",
								"paramId": "water"
							},
							{
								"score": 2.0,
								"param": "Bekämpningsmedel",
								"paramId": "pesticides"
							},
							{
								"score": 1.5,
								"param": "Övergödning",
								"paramId": "eutrophication"
							},
							{
								"score": null,
								"param": "Djuromsorg och antibiotika",
								"paramId": "animal_welfare_antibiotics"
							},
							{
								"score": 1.5,
								"param": "Arbetsförhållanden",
								"paramId": "working_conditions"
							},
							{
								"score": 2.0,
								"param": "Lokalbefolkning",
								"paramId": "local_population"
							},
							{
								"score": 2.0,
								"param": "Lagefterlevnad och spårbarhet",
								"paramId": "compliance_traceability"
							}
						]
					}
				],
				"regulatedProductName": "Vegansk färs",
				"sustainabilityInfoApplicable": true
			},
			{
				"id": "7392663100634",
				"type": "Product",
				"ean": "7392663100634",
				"name": "Dumplings Vegetariska",
				"manufacturerName": "MenMen",
				"description": "Dumplings är ett samlingsnamn för en mängd olika varianter av fyllda degknyten och kan även förekomma under namnen gyoza, Dim Sum, Jiaozi eller Mandu.MenMen japanska dumplings är baserade på ett traditionellt japanskt recept kallat ”gyoza” i Japan.Alla våra gyozasorter är grönsaksrika och serveras tillsammans med en dipsås baserade på soja och vinäger.MenMen japanska dumplings är ångkokade och kan färdig lagas på flera olika sätt. Våra dumplings kan (direkt från djupfryst) stekas, friteras, mikras, ångkokas eller kokas som en soppa med buljong och grönsaker.",
				"imageUrl": "http://res.cloudinary.com/coopsverige/image/upload/v1532424185/340896.tiff",
				"listOfIngredients": "FYLLNING: Vitkål, vattenkastanj, SOJAPROTEIN, HAVREGRYN ,grönsaksfond (vatten, salt, vitt vin, grönsakskoncentrat (morot, palsternacka, SELLERI, grönsaksarom (innehåller SELLERI), modifierad potatisstärkelse, socker, konserveringsmedel (kaliumsorbat) och färgämne(paprikaoleoresin)), mukimame (gröna SOJABÖNOR), sojasås (vatten, SOJABÖNOR, VETE, salt), salt, rapsolja, SESAMOLJA, vitlök, ingefära, shiitakesvamp, strösocker, svartpeppar. DEG: VETEMJÖL, vatten, rapsolja och potatismjölDIPSÅS: Vatten, vinäger, sojasås (vatten, SOJABÖNOR, VETE, salt), sirap från majs och potatis, rapsolja, salt, SESAMOLJA och chiliextrakt.",
				"navCategories": [
					{
						"code": "33435",
						"name": "Övrig vegetariskt",
						"superCategories": [
							{
								"code": "193841567",
								"name": "Fryst",
								"superCategories": [
									{
										"code": "39033900",
										"name": "Vegetariskt",
										"superCategories": []
									}
								]
							}
						]
					},
					{
						"code": "156564150",
						"name": "Vegetariskt",
						"superCategories": [
							{
								"code": "32993",
								"name": "Portionsrätter",
								"superCategories": [
									{
										"code": "25854",
										"name": "Frys",
										"superCategories": []
									}
								]
							}
						]
					},
					{
						"code": "156564064",
						"name": "Färdigt att värma",
						"superCategories": [
							{
								"code": "156563963",
								"name": "Vegetariskt",
								"superCategories": [
									{
										"code": "25854",
										"name": "Frys",
										"superCategories": []
									}
								]
							}
						]
					}
				],
				"consumerInformationText": [
					"Fryst"
				],
				"maxStorageTemperature": "-18",
				"packageSize": 320.0,
				"packageSizeInformation": "320 g",
				"packageSizeUnit": "Gram",
				"salesPrice": 46.95,
				"salesPriceData": {
					"b2cPrice": 46.95,
					"b2bPrice": 41.92
				},
				"piecePrice": 46.95,
				"piecePriceData": {
					"b2cPrice": 46.95,
					"b2bPrice": 41.92
				},
				"salesUnit": "Styck",
				"comparativePriceText": "kr/kg",
				"comparativePrice": 146.72,
				"comparativePriceData": {
					"b2cPrice": 146.72,
					"b2bPrice": 131.0
				},
				"articleSold": false,
				"deposit": 0.0,
				"depositData": {
					"b2cPrice": 0.0,
					"b2bPrice": 0.0
				},
				"vat": {
					"code": "vat-full-2",
					"value": 12.0,
					"type": "Percentage"
				},
				"nutrientLinks": [
					{
						"amount": [
							"140"
						],
						"description": "Energi",
						"unit": "Kilokalori"
					},
					{
						"amount": [
							"600"
						],
						"description": "Energi",
						"unit": "Kilojoule"
					},
					{
						"amount": [
							"2.7"
						],
						"description": "Fett",
						"unit": "Gram"
					},
					{
						"amount": [
							"0.4"
						],
						"description": "Varav mättat fett",
						"unit": "Gram"
					},
					{
						"amount": [
							"23.9"
						],
						"description": "Kolhydrat",
						"unit": "Gram"
					},
					{
						"amount": [
							"2.38"
						],
						"description": "Varav sockerarter",
						"unit": "Gram"
					},
					{
						"amount": [
							"5.7"
						],
						"description": "Protein",
						"unit": "Gram"
					},
					{
						"amount": [
							"1.2"
						],
						"description": "Salt",
						"unit": "Gram"
					}
				],
				"animalFoodData": {},
				"fromSweden": false,
				"availableOnline": true,
				"countryOfOriginCodes": [
					{
						"code": "752",
						"value": "Sverige"
					}
				],
				"consumerInstructions": {
					"storageInstructions": "Fryst minst -18C. Tinad vara förvaras i kyl och förbrukas inom 3 dagar inom datumperioden",
					"usageInstructions": "Kan ångas, stekas och ångas samt friteras."
				},
				"preparationInstructions": "Friterar i ca 5 minuter|PIM_MULTIVALUE_SEPARATOR|Häll en msk matolja i en kall stekpanna med teflonbeläggning eller wok. Lägg dem frysta dumplings och häll over 1/2 dl vatten. Lägg på lock. Hetta upp på drygt medelvärme ca 10 minuter tills vatten ångat bort. Dumplingsen ska inte vändas i pannan , ena sidan kommer att blir stekt och andra sidan blir ångad tack vare det avdunstade vatten.|PIM_MULTIVALUE_SEPARATOR|Häll 1 msk vatten över de frysta dumplingsen. Täck över med mikrovågssäker plastfolie eller lock. Tillaga i 2 min per 8 st. på full effekt vid 750W.|PIM_MULTIVALUE_SEPARATOR|Koka upp lite vatten i en kastrull. lägg blad av sallad t,ex isberg eller kinakål i botten av ett durkslag. lägg dem frysta dumplings på salladsbladen",
				"preparationInstructionsList": [
					"Friterar i ca 5 minuter",
					"Häll en msk matolja i en kall stekpanna med teflonbeläggning eller wok. Lägg dem frysta dumplings och häll over 1/2 dl vatten. Lägg på lock. Hetta upp på drygt medelvärme ca 10 minuter tills vatten ångat bort. Dumplingsen ska inte vändas i pannan , ena sidan kommer att blir stekt och andra sidan blir ångad tack vare det avdunstade vatten.",
					"Häll 1 msk vatten över de frysta dumplingsen. Täck över med mikrovågssäker plastfolie eller lock. Tillaga i 2 min per 8 st. på full effekt vid 750W.",
					"Koka upp lite vatten i en kastrull. lägg blad av sallad t,ex isberg eller kinakål i botten av ett durkslag. lägg dem frysta dumplings på salladsbladen"
				],
				"isMagazine": false,
				"nutrientBasis": {
					"quantity": 100.0
				},
				"pharmaceuticalData": {
					"isPharmaceutical": false
				},
				"nutrientInformation": [
					{
						"header": {
							"nutrientBasisQuantity": 100.0,
							"nutrientBasisQuantityType": "BY_MEASURE",
							"nutrientBasisQuantityUnit": {
								"code": "GRM",
								"value": "Gram"
							}
						}
					}
				],
				"sustainabilityInfoApplicable": true
			},
			{
				"id": "7310240072358",
				"type": "Product",
				"ean": "7310240072358",
				"name": "Pan Pizza Vego Texmex",
				"manufacturerName": "Anamma",
				"description": "En riktigt god vegansk pizza som tar sitt avstamp i klassiska mexikanska smaker! Anamma VegoTexMex har en  gyllenbrun krispig  botten och är toppad med Anamma Vegofärs, majs och jalapeño. Perfekt som mellanmål eller  vegomiddag. Det har aldrig varit enklare att laga god och enkel vegomat på nolltid!\n\nAnamma står för riktigt god vegansk mat som lagas med omtanke för dig, djuren och miljön. Vegopizzan har ca 85% mindre klimatpåverkan jämfört med en icke-vegansk TexMexpizza. Läs mer om Anamma och hur de har räknat ut klimatpåverkan på anamma.eu",
				"imageUrl": "http://res.cloudinary.com/coopsverige/image/upload/v1567642308/381050.tiff",
				"listOfIngredients": "Botten/Bunn/Bund: VETEMJÖL/HVETEMEL/HVEDEMEL, vatten/vand, rapsolja, bakpulver/bagepulver (magnesiumdivätefosfat/magnesiumdihydrogenfosfat, natriumkarbonater, kalciumfosfat, VETESTÄRKELSE/HVETESTIVELSE/HVEDESTIVELSE), druvsocker/druesukker, jäst/gjær/gær, salt. Fyllning/Fyll/Fyld: Tomatpuré, vegofärs/plantefars (vatten/vand, SOJAPROTEIN, rapsolja, lök, salt, kryddor/krydderier, naturliga aromer, karamelliserat socker/sukker), vatten/vand, tomat, modifierad stärkelse/modifisert stivelse, kokosolja, majs, rödlök, kryddor och kryddextrakt/krydderier og krydderiekstrakt (bl.a. oregano, spiskummin/spidskommen och vitlök), socker/sukker, chilipeppar, jalapeño, salt, bambufiber/bambusfiber, naturlig arom, emulgeringsmedel/emulgator (citronsyra, natriumfosfat), färgämne/fargestoff/farve (betakaroten). Kan innehålla/inneholde/indeholde spår/spor av/af MJÖLK/MELK/MÆLK. Till en pizza har använts 9% vegofärs/plantefars och 2% majs.",
				"navCategories": [
					{
						"code": "156564150",
						"name": "Vegetariskt",
						"superCategories": [
							{
								"code": "32993",
								"name": "Portionsrätter",
								"superCategories": [
									{
										"code": "25854",
										"name": "Frys",
										"superCategories": []
									}
								]
							}
						]
					},
					{
						"code": "156564064",
						"name": "Färdigt att värma",
						"superCategories": [
							{
								"code": "156563963",
								"name": "Vegetariskt",
								"superCategories": [
									{
										"code": "25854",
										"name": "Frys",
										"superCategories": []
									}
								]
							}
						]
					},
					{
						"code": "193842010",
						"name": "Portionsrätter",
						"superCategories": [
							{
								"code": "193841567",
								"name": "Fryst",
								"superCategories": [
									{
										"code": "39033900",
										"name": "Vegetariskt",
										"superCategories": []
									}
								]
							}
						]
					}
				],
				"accreditedTags": [
					{
						"code": "FOREST_STEWARDSHIP_COUNCIL_MIX"
					}
				],
				"consumerInformationText": [
					"Fryst"
				],
				"maxStorageTemperature": "-18",
				"packageSize": 190.0,
				"packageSizeInformation": "190 g",
				"packageSizeUnit": "Gram",
				"salesPrice": 23.5,
				"salesPriceData": {
					"b2cPrice": 23.5,
					"b2bPrice": 20.98
				},
				"piecePrice": 23.5,
				"piecePriceData": {
					"b2cPrice": 23.5,
					"b2bPrice": 20.98
				},
				"salesUnit": "Styck",
				"comparativePriceText": "kr/kg",
				"comparativePrice": 123.68,
				"comparativePriceData": {
					"b2cPrice": 123.68,
					"b2bPrice": 110.43
				},
				"articleSold": false,
				"deposit": 0.0,
				"depositData": {
					"b2cPrice": 0.0,
					"b2bPrice": 0.0
				},
				"vat": {
					"code": "vat-full-2",
					"value": 12.0,
					"type": "Percentage"
				},
				"nutrientLinks": [
					{
						"amount": [
							"906"
						],
						"description": "Energi",
						"unit": "Kilojoule"
					},
					{
						"amount": [
							"217"
						],
						"description": "Energi",
						"unit": "Kilokalori"
					},
					{
						"amount": [
							"6.9"
						],
						"description": "Fett",
						"unit": "Gram"
					},
					{
						"amount": [
							"2.3"
						],
						"description": "Varav mättat fett",
						"unit": "Gram"
					},
					{
						"amount": [
							"31"
						],
						"description": "Kolhydrat",
						"unit": "Gram"
					},
					{
						"amount": [
							"2.9"
						],
						"description": "Varav sockerarter",
						"unit": "Gram"
					},
					{
						"amount": [
							"6.4"
						],
						"description": "Protein",
						"unit": "Gram"
					},
					{
						"amount": [
							"1.0"
						],
						"description": "Salt",
						"unit": "Gram"
					}
				],
				"animalFoodData": {},
				"onlinePromotions": [
					{
						"id": "016001_31286",
						"price": 59.0,
						"priceData": {
							"b2cPrice": 59.0,
							"b2bPrice": 52.68
						},
						"startDate": "2025-01-26T23:00:00Z",
						"endDate": "2025-03-09T23:00:00Z",
						"message": "MINIPIZZA 3 för 59kr-3 för 59:-",
						"type": "MULTI_BUY_FIXED_PRICE",
						"numberOfProductRequired": 3,
						"medMeraRequired": false,
						"priority": 910
					}
				],
				"fromSweden": false,
				"availableOnline": true,
				"countryOfOriginCodes": [
					{
						"code": "752",
						"value": "Sverige"
					}
				],
				"consumerInstructions": {
					"storageInstructions": "DJUPFRYST Förvaring och hållbarhet: I frysutrymme (-18ºC eller kallare): Se Bäst före-märkning. Bör inte frysas efter upptining."
				},
				"preparationInstructions": "TILLAGNING I MIKROUGN Värm pizzan i påsen. 1. Klipp av ena hörnet på påsen. Lägg pizzan i mikrougnen med baksidan (denna sida) nedåt. 2. Värm från djupfryst i mikrougn, 800 W (hög effekt) under ca 3 minuter. 3. Låt pizzan vila i påsen ca 30 sekunder före servering. Tillagning i ugn Tag den djupfrysta pizzan ur påsen och placera endast pizzan i ugnen. Värm pizzan i 200 grader ca 15 min. Effekten kan variera mellan olika ugnar och därmed även tillagningstiden.",
				"preparationInstructionsList": [
					"TILLAGNING I MIKROUGN Värm pizzan i påsen. 1. Klipp av ena hörnet på påsen. Lägg pizzan i mikrougnen med baksidan (denna sida) nedåt. 2. Värm från djupfryst i mikrougn, 800 W (hög effekt) under ca 3 minuter. 3. Låt pizzan vila i påsen ca 30 sekunder före servering. Tillagning i ugn Tag den djupfrysta pizzan ur påsen och placera endast pizzan i ugnen. Värm pizzan i 200 grader ca 15 min. Effekten kan variera mellan olika ugnar och därmed även tillagningstiden."
				],
				"isMagazine": false,
				"nutrientBasis": {
					"quantity": 100.0
				},
				"pharmaceuticalData": {
					"isPharmaceutical": false
				},
				"nutrientInformation": [
					{
						"header": {
							"nutrientBasisQuantity": 100.0,
							"nutrientBasisQuantityType": "BY_MEASURE",
							"nutrientBasisQuantityUnit": {
								"code": "GRM",
								"value": "Gram"
							}
						}
					}
				],
				"sustainabilityInfoApplicable": true
			},
			{
				"id": "7340024185066",
				"type": "Product",
				"ean": "7340024185066",
				"name": "Bullar Plantbaserade",
				"manufacturerName": "Hälsans Kök",
				"description": "Vi på Hälsans kök vill göra det lättare för alla att äta mer vegetariskt. Det ska vara enkelt och riktigt gott. Prova våra veganska bullar, plant based balls,  gjorda på en bas av soja- och veteprotein. Ett smakfullt veganskt och vegetariskt alternativ för hela familjen om passar lika bra till pasta som till grillspett. Kan innehålla sesamfrön, ägg, selleri och senap.   Våra veganska bullar ingår i vårt koncept, Vardagsfavoriter, och representerar ett urval av produkter som passar perfekt som huvudingrediens i rätter du gör regelbundet. Vardagsfavoriter är rika på protein och lätta att förbereda. Sortimentet består av burgare, filéer, bullar, schnitzel, nuggets och korv.",
				"imageUrl": "http://res.cloudinary.com/coopsverige/image/upload/v1632518394/cloud/234566.tiff",
				"listOfIngredients": "Ingredienser: Vatten/Vann, SOJA-/SOYAprotein (8,8%), SOJA-/SOYAproteinpulver (7,1%), majsstärkelse/maisstivelse, vegetabiliska oljor/oljer (raps, solros/solsikke i varierande proportion), VETE-/HVETE-/HVEDEgluten (6,0 %), lök/løk/løg, surhetsreglerande medel/surhetsregulerende middel (buffrad vinäger/eddik/eddike), aromer, VETEmjöl/HVETE-/HVEDEmel, stabiliseringsmedel/stabilisator (metylcellulosa), jästextrakt/gjær-/gærekstrakt, lök-/løk-/løgpulver, koriander, ingefära/ingefær, vitlök/hvitløk/hvidløg, maltextrakt (KORN/BYGG/BYG), spiskummin/spidskommen, rödbets-/rødbete-/rødbedepulver, ättika/eddik/eddike, paprika, vitpeppar/hvit peber, SOJAsås/SOYAsaus/SOJAsauce (SOJAbönor/SOYAbønner, VETE/HVETE/HVEDE, salt), muskotnöt/muskatnøtt, salt, jäst/gjær/gær, paprikaextrakt.",
				"navCategories": [
					{
						"code": "33433",
						"name": "Vegetariska bullar",
						"superCategories": [
							{
								"code": "193841567",
								"name": "Fryst",
								"superCategories": [
									{
										"code": "39033900",
										"name": "Vegetariskt",
										"superCategories": []
									}
								]
							}
						]
					},
					{
						"code": "156564064",
						"name": "Färdigt att värma",
						"superCategories": [
							{
								"code": "156563963",
								"name": "Vegetariskt",
								"superCategories": [
									{
										"code": "25854",
										"name": "Frys",
										"superCategories": []
									}
								]
							}
						]
					}
				],
				"accreditedTags": [
					{
						"code": "EUROPEAN_V_LABEL_VEGAN"
					}
				],
				"consumerInformationText": [
					"Fryst"
				],
				"maxStorageTemperature": "-18",
				"packageSize": 300.0,
				"packageSizeInformation": "300g",
				"packageSizeUnit": "Gram",
				"salesPrice": 38.95,
				"salesPriceData": {
					"b2cPrice": 38.95,
					"b2bPrice": 34.78
				},
				"piecePrice": 38.95,
				"piecePriceData": {
					"b2cPrice": 38.95,
					"b2bPrice": 34.78
				},
				"salesUnit": "Styck",
				"comparativePriceText": "kr/kg",
				"comparativePrice": 129.83,
				"comparativePriceData": {
					"b2cPrice": 129.83,
					"b2bPrice": 115.92
				},
				"articleSold": false,
				"deposit": 0.0,
				"depositData": {
					"b2cPrice": 0.0,
					"b2bPrice": 0.0
				},
				"vat": {
					"code": "vat-full-2",
					"value": 12.0,
					"type": "Percentage"
				},
				"nutrientLinks": [
					{
						"amount": [],
						"description": "TEMP_DBCECDDEDE"
					},
					{
						"amount": [
							"735"
						],
						"description": "Energi",
						"unit": "Kilojoule"
					},
					{
						"amount": [
							"175"
						],
						"description": "Energi",
						"unit": "Kilokalori"
					},
					{
						"amount": [
							"5.0"
						],
						"description": "Fett",
						"unit": "Gram"
					},
					{
						"amount": [
							"0.6"
						],
						"description": "Varav mättat fett",
						"unit": "Gram"
					},
					{
						"amount": [
							"10"
						],
						"description": "Kolhydrat",
						"unit": "Gram"
					},
					{
						"amount": [
							"1.0"
						],
						"description": "Varav sockerarter",
						"unit": "Gram"
					},
					{
						"amount": [
							"5.0"
						],
						"description": "Fiber",
						"unit": "Gram"
					},
					{
						"amount": [
							"20"
						],
						"description": "Protein",
						"unit": "Gram"
					},
					{
						"amount": [
							"1.40"
						],
						"description": "Salt",
						"unit": "Gram"
					}
				],
				"animalFoodData": {},
				"fromSweden": false,
				"availableOnline": true,
				"countryOfOriginCodes": [
					{
						"code": "203",
						"value": "Tjeckien"
					}
				],
				"preparationInstructions": "Tillagning från fryst: Ugn. 8-9 min. Vänd en gång. |PIM_MULTIVALUE_SEPARATOR|Tillagning från fryst: Stekpanna. 6-8 min. Lite olja. Vänd då och då.",
				"preparationInstructionsList": [
					"Tillagning från fryst: Ugn. 8-9 min. Vänd en gång.",
					"Tillagning från fryst: Stekpanna. 6-8 min. Lite olja. Vänd då och då."
				],
				"isMagazine": false,
				"nutrientBasis": {
					"quantity": 100.0
				},
				"servingSizeDescription": "70",
				"pharmaceuticalData": {
					"isPharmaceutical": false
				},
				"nutrientInformation": [
					{
						"header": {
							"nutrientBasisQuantity": 100.0,
							"nutrientBasisQuantityType": "BY_MEASURE",
							"nutrientBasisQuantityUnit": {
								"code": "GRM",
								"value": "Gram"
							}
						}
					}
				],
				"sustainabilityInfo": [
					{
						"productScore": [
							{
								"score": 3.5,
								"param": "Biologisk mångfald",
								"paramId": "biodiversity"
							},
							{
								"score": 1.5,
								"param": "Klimat",
								"paramId": "climate"
							},
							{
								"score": 2.0,
								"param": "Bördighet",
								"paramId": "soil_fertility"
							},
							{
								"score": 2.0,
								"param": "Vatten",
								"paramId": "water"
							},
							{
								"score": 3.0,
								"param": "Bekämpningsmedel",
								"paramId": "pesticides"
							},
							{
								"score": 2.5,
								"param": "Övergödning",
								"paramId": "eutrophication"
							},
							{
								"score": null,
								"param": "Djuromsorg och antibiotika",
								"paramId": "animal_welfare_antibiotics"
							},
							{
								"score": 2.5,
								"param": "Arbetsförhållanden",
								"paramId": "working_conditions"
							},
							{
								"score": 2.5,
								"param": "Lokalbefolkning",
								"paramId": "local_population"
							},
							{
								"score": 2.5,
								"param": "Lagefterlevnad och spårbarhet",
								"paramId": "compliance_traceability"
							}
						]
					}
				],
				"sustainabilityInfoApplicable": true
			},
			{
				"id": "7310500183572",
				"type": "Product",
				"ean": "7310500183572",
				"name": "Linguine Bolognese",
				"manufacturerName": "Green Cuisine",
				"description": "Green Cuisine Linguine Bolognese är en växtbaserad Bolognese gjord på ärtproteinfärs, zucchini, paprika och tomat. En vegansk färdigrätt med källa till protein från Findus. Vår Green Cuisine Linguine Bolognese är en mustig växtbaserad bolognese med ärtprotein och en välkryddad tomatsås där lök och smakrika örter fått koka ihop. Värm i mikron i 10-14 min eller i ugn i 35-45 min och se till att röra runt så att den härliga såsen blandar sig med pastan. Green Cuisine Linguine Bolognese passar bra både till lunch och till middag. Länk till våra flerportionsrätter: https://www.findus.se/var-mat/flerportion",
				"imageUrl": "http://res.cloudinary.com/coopsverige/image/upload/v1705655198/cloud/320610.tiff",
				"listOfIngredients": "Vegansk bolognese 65 %: Vatten, zucchini 10 %, röd paprika 8 %, ärtproteinfärs 8 % (rehydrerat ärtprotein, vatten,vegetabilisk olja [raps-, solrosolja], lök, HAVREPROTEIN, skorpsmula [VETEMJÖL, jäst, salt], potatisflinga, VETEGLUTEN, stabiliseringsmedel [metylcellulosa], salt, äppelcidervinäger, maltextrakt av KORN, HAVREMJÖL, ärtfiber, grönsaksblandning [purjolök, lök, palsternacka, vitkål, vitlök, morot, tomat], kryddor, morotsjuicekoncentrat), tomatpuré, krossad tomat, vegetabilisk olja (raps-, solros-, olivolja), lök, vitt vin, morot, SELLERI, kryddörter (bl a basilika, rosmarin), kryddor (bl a cayenpeppar), majsstärkelse, salt, vitlök. Kokt pasta* 35 %: vatten, DURUMVETEMJÖL, vegetabilisk olja (raps-, solrosolja). *Pastan kan innehålla spår av SOJA och ÄGG.",
				"navCategories": [
					{
						"code": "156564064",
						"name": "Färdigt att värma",
						"superCategories": [
							{
								"code": "156563963",
								"name": "Vegetariskt",
								"superCategories": [
									{
										"code": "25854",
										"name": "Frys",
										"superCategories": []
									}
								]
							}
						]
					},
					{
						"code": "193842010",
						"name": "Portionsrätter",
						"superCategories": [
							{
								"code": "193841567",
								"name": "Fryst",
								"superCategories": [
									{
										"code": "39033900",
										"name": "Vegetariskt",
										"superCategories": []
									}
								]
							}
						]
					}
				],
				"consumerInformationText": [
					"Fryst"
				],
				"maxStorageTemperature": "-18",
				"packageSize": 400.0,
				"packageSizeInformation": "400 g",
				"packageSizeUnit": "Gram",
				"salesPrice": 38.95,
				"salesPriceData": {
					"b2cPrice": 38.95,
					"b2bPrice": 34.78
				},
				"piecePrice": 38.95,
				"piecePriceData": {
					"b2cPrice": 38.95,
					"b2bPrice": 34.78
				},
				"salesUnit": "Styck",
				"comparativePriceText": "kr/kg",
				"comparativePrice": 97.38,
				"comparativePriceData": {
					"b2cPrice": 97.38,
					"b2bPrice": 86.95
				},
				"articleSold": false,
				"deposit": 0.0,
				"depositData": {
					"b2cPrice": 0.0,
					"b2bPrice": 0.0
				},
				"vat": {
					"code": "vat-full-2",
					"value": 12.0,
					"type": "Percentage"
				},
				"nutrientLinks": [
					{
						"amount": [
							"95"
						],
						"description": "Energi",
						"unit": "Kilokalori"
					},
					{
						"amount": [
							"400"
						],
						"description": "Energi",
						"unit": "Kilojoule"
					},
					{
						"amount": [
							"3.2"
						],
						"description": "Fett",
						"unit": "Gram"
					},
					{
						"amount": [
							"0.4"
						],
						"description": "Varav mättat fett",
						"unit": "Gram"
					},
					{
						"amount": [
							"12"
						],
						"description": "Kolhydrat",
						"unit": "Gram"
					},
					{
						"amount": [
							"2.4"
						],
						"description": "Varav sockerarter",
						"unit": "Gram"
					},
					{
						"amount": [
							"1.4"
						],
						"description": "Fiber",
						"unit": "Gram"
					},
					{
						"amount": [
							"3.9"
						],
						"description": "Protein",
						"unit": "Gram"
					},
					{
						"amount": [
							"0.47"
						],
						"description": "Salt",
						"unit": "Gram"
					}
				],
				"animalFoodData": {},
				"allergyInfo": [
					{
						"code": "VEGAN"
					}
				],
				"fromSweden": false,
				"availableOnline": true,
				"countryOfOriginCodes": [
					{
						"code": "056",
						"value": "Belgien"
					}
				],
				"consumerInstructions": {
					"storageInstructions": "FÖRVARING OCH MINSTA HÅLLBARHET: I frysutrymme (-18ºC eller kallare), se datummärkning. Bör alltid förvaras fryst. Bör ej frysas efter upptining.",
					"usageInstructions": "ÅTERVINN/GJENNVINN FÖRPACKNINGEN! Tallrik och ytterförpackning sorteras som papper. Plastfilm sorteras som plast."
				},
				"shortTradeItemMarketingMessage": {
					"seq1": "VÅR LINGUINE BOLOGNESE är en mustig växtbaserad bolognese  med ärtprotein och en välkryddad tomatsås där lök och  smakrika örter fått koka ihop. Värm och rör runt  så den härliga såsen blandar sig med pastan."
				},
				"preparationInstructions": "VARMLUFTSUGN 180ºC35-45 minFörvärm ugnen. Skär ett litet snitt i plastfolien och värm maträtten på ett galler/rist mitt i ugnen.Låt stå någon minut och rör om innan du serverar.|PIM_MULTIVALUE_SEPARATOR|MIKRO (750 W) 10-14 minSkär ett litet snitt i plastfolien och värm maträtten. Låt stå någon minut och rör om innan du serverar.",
				"preparationInstructionsList": [
					"VARMLUFTSUGN 180ºC35-45 minFörvärm ugnen. Skär ett litet snitt i plastfolien och värm maträtten på ett galler/rist mitt i ugnen.Låt stå någon minut och rör om innan du serverar.",
					"MIKRO (750 W) 10-14 minSkär ett litet snitt i plastfolien och värm maträtten. Låt stå någon minut och rör om innan du serverar."
				],
				"isMagazine": false,
				"nutrientBasis": {
					"quantity": 100.0
				},
				"pharmaceuticalData": {
					"isPharmaceutical": false
				},
				"nutrientInformation": [
					{
						"header": {
							"nutrientBasisQuantity": 100.0,
							"nutrientBasisQuantityType": "BY_MEASURE",
							"nutrientBasisQuantityUnit": {
								"code": "GRM",
								"value": "Gram"
							}
						}
					}
				],
				"sustainabilityInfo": [
					{
						"productScore": [
							{
								"score": 4.0,
								"param": "Biologisk mångfald",
								"paramId": "biodiversity"
							},
							{
								"score": 1.5,
								"param": "Klimat",
								"paramId": "climate"
							},
							{
								"score": 2.5,
								"param": "Bördighet",
								"paramId": "soil_fertility"
							},
							{
								"score": 3.0,
								"param": "Vatten",
								"paramId": "water"
							},
							{
								"score": 4.0,
								"param": "Bekämpningsmedel",
								"paramId": "pesticides"
							},
							{
								"score": 3.5,
								"param": "Övergödning",
								"paramId": "eutrophication"
							},
							{
								"score": null,
								"param": "Djuromsorg och antibiotika",
								"paramId": "animal_welfare_antibiotics"
							},
							{
								"score": 2.0,
								"param": "Arbetsförhållanden",
								"paramId": "working_conditions"
							},
							{
								"score": 2.5,
								"param": "Lokalbefolkning",
								"paramId": "local_population"
							},
							{
								"score": 2.0,
								"param": "Lagefterlevnad och spårbarhet",
								"paramId": "compliance_traceability"
							}
						]
					}
				],
				"sustainabilityInfoApplicable": true
			},
			{
				"id": "7310960049999",
				"type": "Product",
				"ean": "7310960049999",
				"name": "Morotspuckar",
				"manufacturerName": "Dafgårds",
				"imageUrl": "http://res.cloudinary.com/coopsverige/image/upload/v1734538143/cloud/417443.tiff",
				"listOfIngredients": "Morot (47%), panering (vatten, VETE-/RÅGMJÖL, jäst, socker, rismjöl, salt, paprikapulver, gurkmeja, vitpeppar, cornflakes (majs, salt, socker)), rapsolja, lök, potatis/potatisstärkelse, ströbröd (VETEMJÖL, salt, jäst), potatisfiber, salt, persilja, psyllium fiber, förtjockningsmedel (E461), vatten, citronjuicekoncentrat, vitpeppar, muskotnöt.",
				"navCategories": [
					{
						"code": "33432",
						"name": "Vegetariska biffar",
						"superCategories": [
							{
								"code": "193841567",
								"name": "Fryst",
								"superCategories": [
									{
										"code": "39033900",
										"name": "Vegetariskt",
										"superCategories": []
									}
								]
							}
						]
					}
				],
				"consumerInformationText": [
					"Fryst"
				],
				"maxStorageTemperature": "-18",
				"packageSize": 500.0,
				"packageSizeInformation": "500 g",
				"packageSizeUnit": "Gram",
				"salesPrice": 40.95,
				"salesPriceData": {
					"b2cPrice": 40.95,
					"b2bPrice": 36.56
				},
				"piecePrice": 40.95,
				"piecePriceData": {
					"b2cPrice": 40.95,
					"b2bPrice": 36.56
				},
				"salesUnit": "Styck",
				"comparativePriceText": "kr/kg",
				"comparativePrice": 81.9,
				"comparativePriceData": {
					"b2cPrice": 81.9,
					"b2bPrice": 73.13
				},
				"articleSold": false,
				"deposit": 0.0,
				"depositData": {
					"b2cPrice": 0.0,
					"b2bPrice": 0.0
				},
				"vat": {
					"code": "vat-full-2",
					"value": 12.0,
					"type": "Percentage"
				},
				"nutrientLinks": [
					{
						"amount": [
							"166"
						],
						"description": "Energi",
						"unit": "Kilokalori"
					},
					{
						"amount": [
							"695"
						],
						"description": "Energi",
						"unit": "Kilojoule"
					},
					{
						"amount": [
							"9"
						],
						"description": "Fett",
						"unit": "Gram"
					},
					{
						"amount": [
							"0.7"
						],
						"description": "Varav mättat fett",
						"unit": "Gram"
					},
					{
						"amount": [
							"17"
						],
						"description": "Kolhydrat",
						"unit": "Gram"
					},
					{
						"amount": [
							"4.5"
						],
						"description": "Varav sockerarter",
						"unit": "Gram"
					},
					{
						"amount": [
							"3.1"
						],
						"description": "Fiber",
						"unit": "Gram"
					},
					{
						"amount": [
							"2"
						],
						"description": "Protein",
						"unit": "Gram"
					},
					{
						"amount": [
							"1.1"
						],
						"description": "Salt",
						"unit": "Gram"
					}
				],
				"animalFoodData": {},
				"fromSweden": false,
				"availableOnline": true,
				"countryOfOriginCodes": [
					{
						"code": "752",
						"value": "Sverige"
					}
				],
				"preparationInstructions": "Produkt tillagas från fryst,\nAifryer varmluftsugn 210°C 15.18 minuter.\nVarmluftsugn 200°C 12-15 minuter\nStekpanna fördel med lite olja. Steks på svag till medelstark värme i 10 minuter, vänd puckarna ofta under tiden.",
				"preparationInstructionsList": [
					"Produkt tillagas från fryst,\nAifryer varmluftsugn 210°C 15.18 minuter.\nVarmluftsugn 200°C 12-15 minuter\nStekpanna fördel med lite olja. Steks på svag till medelstark värme i 10 minuter, vänd puckarna ofta under tiden."
				],
				"isMagazine": false,
				"nutrientBasis": {
					"quantity": 100.0
				},
				"pharmaceuticalData": {
					"isPharmaceutical": false
				},
				"nutrientInformation": [
					{
						"header": {
							"nutrientBasisQuantity": 100.0,
							"nutrientBasisQuantityType": "BY_MEASURE",
							"nutrientBasisQuantityUnit": {
								"code": "GRM",
								"value": "Gram"
							}
						}
					}
				],
				"sustainabilityInfoApplicable": true
			},
			{
				"id": "7340024185417",
				"type": "Product",
				"ean": "7340024185417",
				"name": "Filébitar",
				"manufacturerName": "Hälsans Kök",
				"description": "Vi på Hälsans kök vill göra det lättare för alla att äta mer vegetariskt. Det ska vara enkelt och riktigt gott. Hälsans Kök Filet Pieces är ett perfekt vegetariskt alternativ till kyckling som är gjorda med ingredienser som du känner till. Passar utmärkt i en sallad, gryta eller i en paj. Stek i 5-6 minuter med lite olja. Våra Filébitar ingår i vårt koncept, Ingredienser, vilka är basen för massor av maträtter. De är mångsidiga och passar perfekt till olika pastasåser, sallader, wraps - och mycket mer! Sortimentet består av Filébitar, Färs, Soja bacon och Vegostrimlor. Produkten kan innehålla spår av VETE, ÄGG, SESAMFRÖN, SELLERI och SENAP. Observera att det alltid är innehållsförteckningen på förpackningen som gäller.",
				"imageUrl": "http://res.cloudinary.com/coopsverige/image/upload/v1631028664/cloud/233562.jpg",
				"listOfIngredients": "Ingredienser: Vatten/Vann, SOJA-/SOYAPROTEINKONCENTRAT (32%), vegetabilisk olja/olje (raps), vinäger/eddik/eddike, jästextrakt/gjær-/gærekstrakt, salt, arom/aroma. Kan innehålla/inneholde: VETE/HVETE/HVEDE (GLUTEN), ÄGG/EGG/ÆG, SESAMFRÖN/-FRØ, SELLERI och SENAP/SENNEP.",
				"navCategories": [
					{
						"code": "33429",
						"name": "Vegetarisk filé",
						"superCategories": [
							{
								"code": "193841567",
								"name": "Fryst",
								"superCategories": [
									{
										"code": "39033900",
										"name": "Vegetariskt",
										"superCategories": []
									}
								]
							}
						]
					},
					{
						"code": "156564005",
						"name": "Färs, Filé & bitar",
						"superCategories": [
							{
								"code": "156563963",
								"name": "Vegetariskt",
								"superCategories": [
									{
										"code": "25854",
										"name": "Frys",
										"superCategories": []
									}
								]
							}
						]
					}
				],
				"accreditedTags": [
					{
						"code": "EUROPEAN_V_LABEL_VEGAN"
					}
				],
				"consumerInformationText": [
					"Fryst"
				],
				"maxStorageTemperature": "-18",
				"packageSize": 320.0,
				"packageSizeInformation": "320g",
				"packageSizeUnit": "Gram",
				"salesPrice": 39.95,
				"salesPriceData": {
					"b2cPrice": 39.95,
					"b2bPrice": 35.67
				},
				"piecePrice": 39.95,
				"piecePriceData": {
					"b2cPrice": 39.95,
					"b2bPrice": 35.67
				},
				"salesUnit": "Styck",
				"comparativePriceText": "kr/kg",
				"comparativePrice": 124.84,
				"comparativePriceData": {
					"b2cPrice": 124.84,
					"b2bPrice": 111.46
				},
				"articleSold": false,
				"deposit": 0.0,
				"depositData": {
					"b2cPrice": 0.0,
					"b2bPrice": 0.0
				},
				"vat": {
					"code": "vat-full-2",
					"value": 12.0,
					"type": "Percentage"
				},
				"nutrientLinks": [
					{
						"amount": [
							"631"
						],
						"description": "Energi",
						"unit": "Kilojoule"
					},
					{
						"amount": [
							"151"
						],
						"description": "Energi",
						"unit": "Kilokalori"
					},
					{
						"amount": [
							"4.70"
						],
						"description": "Fett",
						"unit": "Gram"
					},
					{
						"amount": [
							"0.40"
						],
						"description": "Varav mättat fett",
						"unit": "Gram"
					},
					{
						"amount": [
							"1.20"
						],
						"description": "Kolhydrat",
						"unit": "Gram"
					},
					{
						"amount": [
							"0.10"
						],
						"description": "Varav sockerarter",
						"unit": "Gram"
					},
					{
						"amount": [
							"5.9"
						],
						"description": "Fiber",
						"unit": "Gram"
					},
					{
						"amount": [
							"23"
						],
						"description": "Protein",
						"unit": "Gram"
					},
					{
						"amount": [
							"1.40"
						],
						"description": "Salt",
						"unit": "Gram"
					}
				],
				"animalFoodData": {},
				"allergyInfo": [
					{
						"code": "VEGAN"
					}
				],
				"fromSweden": false,
				"availableOnline": true,
				"countryOfOriginCodes": [
					{
						"code": "203",
						"value": "Tjeckien"
					}
				],
				"isMagazine": false,
				"nutrientBasis": {
					"quantity": 100.0
				},
				"servingSizeDescription": "80",
				"pharmaceuticalData": {
					"isPharmaceutical": false
				},
				"nutrientInformation": [
					{
						"header": {
							"nutrientBasisQuantity": 100.0,
							"nutrientBasisQuantityType": "BY_MEASURE",
							"nutrientBasisQuantityUnit": {
								"code": "GRM",
								"value": "Gram"
							}
						}
					}
				],
				"sustainabilityInfo": [
					{
						"productScore": [
							{
								"score": 2.0,
								"param": "Biologisk mångfald",
								"paramId": "biodiversity"
							},
							{
								"score": 1.5,
								"param": "Klimat",
								"paramId": "climate"
							},
							{
								"score": 1.5,
								"param": "Bördighet",
								"paramId": "soil_fertility"
							},
							{
								"score": 1.5,
								"param": "Vatten",
								"paramId": "water"
							},
							{
								"score": 2.0,
								"param": "Bekämpningsmedel",
								"paramId": "pesticides"
							},
							{
								"score": 1.5,
								"param": "Övergödning",
								"paramId": "eutrophication"
							},
							{
								"score": null,
								"param": "Djuromsorg och antibiotika",
								"paramId": "animal_welfare_antibiotics"
							},
							{
								"score": 2.0,
								"param": "Arbetsförhållanden",
								"paramId": "working_conditions"
							},
							{
								"score": 2.5,
								"param": "Lokalbefolkning",
								"paramId": "local_population"
							},
							{
								"score": 3.0,
								"param": "Lagefterlevnad och spårbarhet",
								"paramId": "compliance_traceability"
							}
						]
					}
				],
				"sustainabilityInfoApplicable": true
			},
			{
				"id": "7310240121186",
				"type": "Product",
				"ean": "7310240121186",
				"name": "Vegoschnitzel",
				"manufacturerName": "Anamma",
				"description": "Anammas veganska schnitzel är  saftig,  baserad på sojaprotein och har en riktigt krispig glutenfri panering. Anamma är minst sagt experter på vegansk mat och schnitzeln är inget undantag. Denna vegoschnitzel är tillverkad i Sverige och har blivit en riktig klassiker både bland veganer och flexitarianer som är sugna på en god, vegansk middag.\n\nAnamma står för riktigt god vegansk mat som lagas med omtanke för dig, djuren och miljön. Vegoschnitzeln har ca 60% lägre klimatpåverkan än Wienerschnitzel gjord på fläskkött. Läs mer om Anamma och hur de har räknat ut klimatpåverkan på anamma.eu",
				"imageUrl": "http://res.cloudinary.com/coopsverige/image/upload/v1579783437/391767.tiff",
				"listOfIngredients": "Vatten, SOJAprotein (15 %), rapsolja, glutenfritt ströbröd (rismjöl, kikärtsmjöl, majsstärkelse, salt, druvsocker), lök, rismjöl, majsstärkelse, salt, kryddor, ärtfiber, ärtstärkelse, citronjuicepulver, naturlig arom, stabiliseringsmedel (metylcellulosa).",
				"navCategories": [
					{
						"code": "33435",
						"name": "Övrig vegetariskt",
						"superCategories": [
							{
								"code": "193841567",
								"name": "Fryst",
								"superCategories": [
									{
										"code": "39033900",
										"name": "Vegetariskt",
										"superCategories": []
									}
								]
							}
						]
					},
					{
						"code": "156564064",
						"name": "Färdigt att värma",
						"superCategories": [
							{
								"code": "156563963",
								"name": "Vegetariskt",
								"superCategories": [
									{
										"code": "25854",
										"name": "Frys",
										"superCategories": []
									}
								]
							}
						]
					}
				],
				"consumerInformationText": [
					"Fryst"
				],
				"maxStorageTemperature": "-18",
				"packageSize": 750.0,
				"packageSizeInformation": "750 g",
				"packageSizeUnit": "Gram",
				"salesPrice": 85.95,
				"salesPriceData": {
					"b2cPrice": 85.95,
					"b2bPrice": 76.74
				},
				"piecePrice": 85.95,
				"piecePriceData": {
					"b2cPrice": 85.95,
					"b2bPrice": 76.74
				},
				"salesUnit": "Styck",
				"comparativePriceText": "kr/kg",
				"comparativePrice": 114.6,
				"comparativePriceData": {
					"b2cPrice": 114.6,
					"b2bPrice": 102.32
				},
				"articleSold": false,
				"deposit": 0.0,
				"depositData": {
					"b2cPrice": 0.0,
					"b2bPrice": 0.0
				},
				"vat": {
					"code": "vat-full-2",
					"value": 12.0,
					"type": "Percentage"
				},
				"nutrientLinks": [
					{
						"amount": [
							"955"
						],
						"description": "Energi",
						"unit": "Kilojoule"
					},
					{
						"amount": [
							"228"
						],
						"description": "Energi",
						"unit": "Kilokalori"
					},
					{
						"amount": [
							"13"
						],
						"description": "Fett",
						"unit": "Gram"
					},
					{
						"amount": [
							"1.0"
						],
						"description": "Varav mättat fett",
						"unit": "Gram"
					},
					{
						"amount": [
							"13"
						],
						"description": "Kolhydrat",
						"unit": "Gram"
					},
					{
						"amount": [
							"0.9"
						],
						"description": "Varav sockerarter",
						"unit": "Gram"
					},
					{
						"amount": [
							"4.4"
						],
						"description": "Fiber",
						"unit": "Gram"
					},
					{
						"amount": [
							"12"
						],
						"description": "Protein",
						"unit": "Gram"
					},
					{
						"amount": [
							"1.0"
						],
						"description": "Salt",
						"unit": "Gram"
					}
				],
				"animalFoodData": {},
				"allergyInfo": [
					{
						"code": "VEGAN"
					}
				],
				"fromSweden": false,
				"availableOnline": true,
				"countryOfOriginCodes": [
					{
						"code": "752",
						"value": "Sverige"
					}
				],
				"nutritionalClaimData": {
					"nutritionalClaimTypeCode": {
						"code": "FREE_FROM",
						"value": "FREE_FROM"
					},
					"nutritionalClaimNutrientElementCode": {
						"code": "GLUTEN",
						"value": "GLUTEN"
					},
					"claimMarkedOnPackage": "TRUE"
				},
				"consumerInstructions": {
					"storageInstructions": "Djupfryst -18 °C eller lägre. Bör inte frysas efter upptining"
				},
				"preparationInstructions": "Tillagas från fryst, 10 min i olja på medelhög värme.",
				"preparationInstructionsList": [
					"Tillagas från fryst, 10 min i olja på medelhög värme."
				],
				"isMagazine": false,
				"nutrientBasis": {
					"quantity": 100.0
				},
				"pharmaceuticalData": {
					"isPharmaceutical": false
				},
				"nutrientInformation": [
					{
						"header": {
							"nutrientBasisQuantity": 100.0,
							"nutrientBasisQuantityType": "BY_MEASURE",
							"nutrientBasisQuantityUnit": {
								"code": "GRM",
								"value": "Gram"
							}
						}
					}
				],
				"regulatedProductName": "Vegansk sojaschnitzel",
				"sustainabilityInfoApplicable": true
			},
			{
				"id": "7350139110013",
				"type": "Product",
				"ean": "7350139110013",
				"name": "Filéer Panerade 4-pack",
				"manufacturerName": "Nothing F!SHY",
				"imageUrl": "http://res.cloudinary.com/coopsverige/image/upload/v1691039211/cloud/287131.tiff",
				"listOfIngredients": "Vatten, panering (VETEMJÖL, majsmjöl, majsstärkelse, potatisstärkelse, salt, jäst, paprika, stabiliseringsmedel:dinatriumdifosfat, natriumvätekarbonat, fortjockningsmedel:Xantangummi), rapsolja, VETEMJÖL, VETESTÄRKELSE, VETEPROTEIN, förtjockningsmedel:natriumalginat, konsistensmedel:kalciumsulfat, citrusfiber, salt, modifierad VETESTÄRKELSE, naturliga smakämnen, jästextrakt, förtjockningsmedel:metylcellulosa, algolja (schizochytrium sp., antioxidant/ tokoferolrika extrakt, ascorbylpalmitat), maltodextrin.",
				"navCategories": [
					{
						"code": "33429",
						"name": "Vegetarisk filé",
						"superCategories": [
							{
								"code": "193841567",
								"name": "Fryst",
								"superCategories": [
									{
										"code": "39033900",
										"name": "Vegetariskt",
										"superCategories": []
									}
								]
							}
						]
					}
				],
				"consumerInformationText": [
					"Fryst"
				],
				"maxStorageTemperature": "-18",
				"packageSize": 250.0,
				"packageSizeInformation": "250 g",
				"packageSizeUnit": "Gram",
				"salesPrice": 46.5,
				"salesPriceData": {
					"b2cPrice": 46.5,
					"b2bPrice": 41.52
				},
				"piecePrice": 46.5,
				"piecePriceData": {
					"b2cPrice": 46.5,
					"b2bPrice": 41.52
				},
				"salesUnit": "Styck",
				"comparativePriceText": "kr/kg",
				"comparativePrice": 186.0,
				"comparativePriceData": {
					"b2cPrice": 186.0,
					"b2bPrice": 166.07
				},
				"articleSold": false,
				"deposit": 0.0,
				"depositData": {
					"b2cPrice": 0.0,
					"b2bPrice": 0.0
				},
				"vat": {
					"code": "vat-full-2",
					"value": 12.0,
					"type": "Percentage"
				},
				"nutrientLinks": [
					{
						"amount": [
							"1032"
						],
						"description": "Energi",
						"unit": "Kilokalori"
					},
					{
						"amount": [
							"247"
						],
						"description": "Energi",
						"unit": "Kilojoule"
					},
					{
						"amount": [
							"19"
						],
						"description": "Fett",
						"unit": "Gram"
					},
					{
						"amount": [
							"1.3"
						],
						"description": "Varav mättat fett",
						"unit": "Gram"
					},
					{
						"amount": [
							"15"
						],
						"description": "Kolhydrat",
						"unit": "Gram"
					},
					{
						"amount": [
							"1.1"
						],
						"description": "Varav sockerarter",
						"unit": "Gram"
					},
					{
						"amount": [
							"2.3"
						],
						"description": "Fiber",
						"unit": "Gram"
					},
					{
						"amount": [
							"3.5"
						],
						"description": "Protein",
						"unit": "Gram"
					},
					{
						"amount": [
							"1.3"
						],
						"description": "Salt",
						"unit": "Gram"
					}
				],
				"animalFoodData": {},
				"allergyInfo": [
					{
						"code": "VEGAN"
					}
				],
				"fromSweden": false,
				"availableOnline": true,
				"countryOfOriginCodes": [
					{
						"code": "752",
						"value": "Sverige"
					}
				],
				"consumerInstructions": {
					"storageInstructions": "Fryst: -18°C"
				},
				"preparationInstructions": "7-8 min",
				"preparationInstructionsList": [
					"7-8 min"
				],
				"isMagazine": false,
				"nutrientBasis": {
					"quantity": 100.0
				},
				"pharmaceuticalData": {
					"isPharmaceutical": false
				},
				"nutrientInformation": [
					{
						"header": {
							"nutrientBasisQuantity": 100.0,
							"nutrientBasisQuantityType": "BY_MEASURE",
							"nutrientBasisQuantityUnit": {
								"code": "GRM",
								"value": "Gram"
							}
						}
					}
				],
				"regulatedProductName": "Nothing F!SHY Filéer",
				"sustainabilityInfoApplicable": true
			},
			{
				"id": "7350126080824",
				"type": "Product",
				"ean": "7350126080824",
				"name": "Pirog Vegofärs & tomat",
				"manufacturerName": "Anamma",
				"description": "Äntligen en riktigt god vegansk pirog! Anammas veganska pirog är lagom krispig, fylld med krämig vegoost och Anamma vegofärs baserad på svenskodlade ärtor och tomat! Perfekt som vegomellanmålet eller en enklare vegansk lunch. Snabbt, gott & enkelt! Anamma står för riktigt god vegansk mat som lagas med omtanke för dig, djuren och miljön. Pirogen är tillverkad i Vansbro i Dalarna. Läs mer om Anamma på anamma.eu",
				"imageUrl": "http://res.cloudinary.com/coopsverige/image/upload/v1631028803/cloud/233594.jpg",
				"listOfIngredients": "VETEmjöl, vegansk topping med ostsmak (vatten, modifierad stärkelse, kokosolja, bambufiber, salt, naturlig arom, antioxidationsmedel (citronsyra), emulgeringsmedel (E339ii), färgämne (karotener)), vegofärs 11% (vatten, ärtprotein, rapsolja, naturlig arom (bl.a. muskot), salt), vatten, tomatpuré, tomater (8%), rapsolja, soltorkade tomater, VETEskållning, socker, naturliga aromer, salt, stärkelse, jäst, stabiliseringsmedel (mono-och diglycerider av fettsyror). Kan innehålla spår av MJÖLK.",
				"navCategories": [
					{
						"code": "33435",
						"name": "Övrig vegetariskt",
						"superCategories": [
							{
								"code": "193841567",
								"name": "Fryst",
								"superCategories": [
									{
										"code": "39033900",
										"name": "Vegetariskt",
										"superCategories": []
									}
								]
							}
						]
					},
					{
						"code": "193842010",
						"name": "Portionsrätter",
						"superCategories": [
							{
								"code": "193841567",
								"name": "Fryst",
								"superCategories": [
									{
										"code": "39033900",
										"name": "Vegetariskt",
										"superCategories": []
									}
								]
							}
						]
					}
				],
				"accreditedTags": [
					{
						"code": "FOREST_STEWARDSHIP_COUNCIL_MIX"
					}
				],
				"consumerInformationText": [
					"Fryst"
				],
				"maxStorageTemperature": "-18",
				"packageSize": 140.0,
				"packageSizeInformation": "140 g",
				"packageSizeUnit": "Gram",
				"salesPrice": 18.95,
				"salesPriceData": {
					"b2cPrice": 18.95,
					"b2bPrice": 16.92
				},
				"piecePrice": 18.95,
				"piecePriceData": {
					"b2cPrice": 18.95,
					"b2bPrice": 16.92
				},
				"salesUnit": "Styck",
				"comparativePriceText": "kr/kg",
				"comparativePrice": 135.36,
				"comparativePriceData": {
					"b2cPrice": 135.36,
					"b2bPrice": 120.86
				},
				"articleSold": false,
				"deposit": 0.0,
				"depositData": {
					"b2cPrice": 0.0,
					"b2bPrice": 0.0
				},
				"vat": {
					"code": "vat-full-2",
					"value": 12.0,
					"type": "Percentage"
				},
				"nutrientLinks": [
					{
						"amount": [
							"981"
						],
						"description": "Energi",
						"unit": "Kilojoule"
					},
					{
						"amount": [
							"235"
						],
						"description": "Energi",
						"unit": "Kilokalori"
					},
					{
						"amount": [
							"8.5"
						],
						"description": "Fett",
						"unit": "Gram"
					},
					{
						"amount": [
							"4.5"
						],
						"description": "Varav mättat fett",
						"unit": "Gram"
					},
					{
						"amount": [
							"31"
						],
						"description": "Kolhydrat",
						"unit": "Gram"
					},
					{
						"amount": [
							"2.0"
						],
						"description": "Varav sockerarter",
						"unit": "Gram"
					},
					{
						"amount": [
							"7.0"
						],
						"description": "Protein",
						"unit": "Gram"
					},
					{
						"amount": [
							"1.0"
						],
						"description": "Salt",
						"unit": "Gram"
					}
				],
				"animalFoodData": {},
				"allergyInfo": [
					{
						"code": "VEGAN"
					}
				],
				"fromSweden": false,
				"availableOnline": true,
				"countryOfOriginCodes": [
					{
						"code": "752",
						"value": "Sverige"
					}
				],
				"consumerInstructions": {
					"storageInstructions": "Djupfryst -18 °C eller lägre. Bör inte frysas efter upptining"
				},
				"shortTradeItemMarketingMessage": {
					"seq1": "Äntligen en riktigt god vegansk pirog med låg klimatpåverkan! Nu lanserar Anamma en smakrik pirog fylld med vegofärs gjord på svenskodlade ärtor och tomat! Snabbt, gott & enkelt! 100% vegansk. Pirogen tillverkad i Sverige!"
				},
				"preparationInstructions": "Tillaga bara en pirog åt gången. Påsens material gör att mycket hög värme uppnås. Tillaga därför ej på plastmaterial, eftersom det då kan smälta. Påsen kan endast användas en gång. TILLAGNING I MIKROUGN Värm pirogen i påsen. 1. Klipp av ena hörnet på påsen. Lägg pirogen i mikrougnen med baksidan (denna sida) nedåt. 2. Värm från djupfryst i mikrougn, 800 W (hög effekt) under 3 minuter 3. Låt pirogen vila i påsen ca 1 minut före servering.",
				"preparationInstructionsList": [
					"Tillaga bara en pirog åt gången. Påsens material gör att mycket hög värme uppnås. Tillaga därför ej på plastmaterial, eftersom det då kan smälta. Påsen kan endast användas en gång. TILLAGNING I MIKROUGN Värm pirogen i påsen. 1. Klipp av ena hörnet på påsen. Lägg pirogen i mikrougnen med baksidan (denna sida) nedåt. 2. Värm från djupfryst i mikrougn, 800 W (hög effekt) under 3 minuter 3. Låt pirogen vila i påsen ca 1 minut före servering."
				],
				"isMagazine": false,
				"nutrientBasis": {
					"quantity": 100.0
				},
				"pharmaceuticalData": {
					"isPharmaceutical": false
				},
				"nutrientInformation": [
					{
						"header": {
							"nutrientBasisQuantity": 100.0,
							"nutrientBasisQuantityType": "BY_MEASURE",
							"nutrientBasisQuantityUnit": {
								"code": "GRM",
								"value": "Gram"
							}
						}
					}
				],
				"sustainabilityInfoApplicable": true
			},
			{
				"id": "7340024184489",
				"type": "Product",
				"ean": "7340024184489",
				"name": "Burgare Plantbaserad ",
				"manufacturerName": "Hälsans Kök",
				"description": "Vi på Hälsans kök vill göra det lättare för alla att äta mer vegetariskt. Det ska vara enkelt och riktigt gott. Våra veganska Plant-based Burger går snabbt att tillaga i ugn, stekpanna eller på grillen. Ett fantastiskt köttfritt alternativ som kan serveras på traditionellt vis med hamburgerbröd, härliga pommes frites och en fräsch grönsallad. Produkten kan innehålla spår av sesamfrön, ägg, selleri och senap. Observera att det alltid är innehållsförteckningen på förpackningen som gäller.",
				"imageUrl": "http://res.cloudinary.com/coopsverige/image/upload/v1718635187/cloud/365497.tiff",
				"listOfIngredients": "Ingredienser: Vatten/Vann, SOJA-/SOYAPROTEINkoncentrat 18,5%, VETE-/HVETE-/HVEDEPROTEIN 5,7%, vegetabiliska oljor/oljer (raps, solros/solsikke) i varierande proportion, stekt lök/løk/løg (lök/løk/løg, solrosolja/solsikkeolje och/eller rapsolja/-olje), majsstärkelse/majsstivelse, aromer/aromaer, ättika/eddik/eddike, stabiliseringsmedel/stabilisator (metylcellulosa), lök-/løk-/løgpulver, salt, jästextrakt/gjær-/gærekstrakt, maltextrakt (KORN/BYGG/BYG), surhetsreglerande medel/surhetsregulerende middel (kaliumhydroxid). Kan innehålla/inneholde: ÄGG/EGG/ÆG, SESAMFRÖN/SESAMFRØ, SELLERI och SENAP/SENNEP.",
				"navCategories": [
					{
						"code": "33434",
						"name": "Vegetariska hamburgare",
						"superCategories": [
							{
								"code": "193841567",
								"name": "Fryst",
								"superCategories": [
									{
										"code": "39033900",
										"name": "Vegetariskt",
										"superCategories": []
									}
								]
							}
						]
					},
					{
						"code": "156564064",
						"name": "Färdigt att värma",
						"superCategories": [
							{
								"code": "156563963",
								"name": "Vegetariskt",
								"superCategories": [
									{
										"code": "25854",
										"name": "Frys",
										"superCategories": []
									}
								]
							}
						]
					}
				],
				"accreditedTags": [
					{
						"code": "EUROPEAN_V_LABEL_VEGAN"
					}
				],
				"consumerInformationText": [
					"Fryst"
				],
				"maxStorageTemperature": "-18",
				"packageSize": 300.0,
				"packageSizeInformation": "300g",
				"packageSizeUnit": "Gram",
				"salesPrice": 38.95,
				"salesPriceData": {
					"b2cPrice": 38.95,
					"b2bPrice": 34.78
				},
				"piecePrice": 38.95,
				"piecePriceData": {
					"b2cPrice": 38.95,
					"b2bPrice": 34.78
				},
				"salesUnit": "Styck",
				"comparativePriceText": "kr/kg",
				"comparativePrice": 129.83,
				"comparativePriceData": {
					"b2cPrice": 129.83,
					"b2bPrice": 115.92
				},
				"articleSold": false,
				"deposit": 0.0,
				"depositData": {
					"b2cPrice": 0.0,
					"b2bPrice": 0.0
				},
				"vat": {
					"code": "vat-full-2",
					"value": 12.0,
					"type": "Percentage"
				},
				"nutrientLinks": [
					{
						"amount": [],
						"description": "TEMP_DBCECDDEDE"
					},
					{
						"amount": [
							"655"
						],
						"description": "Energi",
						"unit": "Kilojoule"
					},
					{
						"amount": [
							"156"
						],
						"description": "Energi",
						"unit": "Kilokalori"
					},
					{
						"amount": [
							"5.6"
						],
						"description": "Fett",
						"unit": "Gram"
					},
					{
						"amount": [
							"0.7"
						],
						"description": "Varav mättat fett",
						"unit": "Gram"
					},
					{
						"amount": [
							"6.8"
						],
						"description": "Kolhydrat",
						"unit": "Gram"
					},
					{
						"amount": [
							"2.8"
						],
						"description": "Varav sockerarter",
						"unit": "Gram"
					},
					{
						"amount": [
							"5.8"
						],
						"description": "Fiber",
						"unit": "Gram"
					},
					{
						"amount": [
							"16.9"
						],
						"description": "Protein",
						"unit": "Gram"
					},
					{
						"amount": [
							"1.3"
						],
						"description": "Salt",
						"unit": "Gram"
					}
				],
				"animalFoodData": {},
				"allergyInfo": [
					{
						"code": "VEGAN"
					}
				],
				"fromSweden": false,
				"availableOnline": true,
				"countryOfOriginCodes": [
					{
						"code": "203",
						"value": "Tjeckien"
					}
				],
				"isMagazine": false,
				"nutrientBasis": {
					"quantity": 100.0
				},
				"servingSizeDescription": "75",
				"pharmaceuticalData": {
					"isPharmaceutical": false
				},
				"nutrientInformation": [
					{
						"header": {
							"nutrientBasisQuantity": 100.0,
							"nutrientBasisQuantityType": "BY_MEASURE",
							"nutrientBasisQuantityUnit": {
								"code": "GRM",
								"value": "Gram"
							}
						}
					}
				],
				"sustainabilityInfo": [
					{
						"productScore": [
							{
								"score": 2.0,
								"param": "Biologisk mångfald",
								"paramId": "biodiversity"
							},
							{
								"score": 1.5,
								"param": "Klimat",
								"paramId": "climate"
							},
							{
								"score": 1.5,
								"param": "Bördighet",
								"paramId": "soil_fertility"
							},
							{
								"score": 1.5,
								"param": "Vatten",
								"paramId": "water"
							},
							{
								"score": 2.0,
								"param": "Bekämpningsmedel",
								"paramId": "pesticides"
							},
							{
								"score": 1.5,
								"param": "Övergödning",
								"paramId": "eutrophication"
							},
							{
								"score": null,
								"param": "Djuromsorg och antibiotika",
								"paramId": "animal_welfare_antibiotics"
							},
							{
								"score": 2.0,
								"param": "Arbetsförhållanden",
								"paramId": "working_conditions"
							},
							{
								"score": 2.5,
								"param": "Lokalbefolkning",
								"paramId": "local_population"
							},
							{
								"score": 3.0,
								"param": "Lagefterlevnad och spårbarhet",
								"paramId": "compliance_traceability"
							}
						]
					}
				],
				"sustainabilityInfoApplicable": true
			},
			{
				"id": "7310500184425",
				"type": "Product",
				"ean": "7310500184425",
				"name": "Chili Sin Carne",
				"manufacturerName": "Green Cuisine",
				"description": "Green Cuisine Chili sin Carne är en vegansk blandning av grönsaker, ris och kryddig färs gjord på ärtprotein. En vegansk färdigrätt med källa till protein och fiber. Green Cuisine Chili sin Carne är en mustig vegansk chili där ärtprotein och grönsaker fått koka ihop tillsammans med goda kryddor. Klar på 8-10 minuter! En rätt som passar både till lunch och middag.",
				"imageUrl": "http://res.cloudinary.com/coopsverige/image/upload/v1705460343/cloud/319246.tiff",
				"listOfIngredients": "Chili sin carne 80 %: Vatten, krossad tomat, morot, röda kidneybönor, paprika, rehydrerat ärtprotein, lök, vegetabilisk olja (solros, raps), majs, tomatkoncentrat, kryddor (bl a paprikapulver, cayennepeppar, bockhornsklöver, muskot), couverturechoklad* (kakaomassa, socker, kakaosmör, SOJALECITIN, naturlig arom), vitlök, majsstärkelse, salt, balsamvinäger, HAVREPROTEIN, chili, skorpsmula (VETE), potatisflinga, VETEGLUTEN, stabiliseringsmedel (metylcellulosa), äppelcidervinäger, maltextrakt (av KORN), HAVREMJÖL, ärtfiber, morotsjuicekoncentrat, purjolök, palsternacka, vitkål, tomat, antioxidationsmedel (rosmarinextrakt). Kokt ris 20 %: Vatten, ris. *Kan innehålla spår av MJÖLK. I rätten ingår 5,5 % rehydrerat ärtprotein och 33 % grönsaker.",
				"navCategories": [
					{
						"code": "156564064",
						"name": "Färdigt att värma",
						"superCategories": [
							{
								"code": "156563963",
								"name": "Vegetariskt",
								"superCategories": [
									{
										"code": "25854",
										"name": "Frys",
										"superCategories": []
									}
								]
							}
						]
					},
					{
						"code": "193842010",
						"name": "Portionsrätter",
						"superCategories": [
							{
								"code": "193841567",
								"name": "Fryst",
								"superCategories": [
									{
										"code": "39033900",
										"name": "Vegetariskt",
										"superCategories": []
									}
								]
							}
						]
					}
				],
				"consumerInformationText": [
					"Fryst"
				],
				"maxStorageTemperature": "-18",
				"packageSize": 400.0,
				"packageSizeInformation": "400 g",
				"packageSizeUnit": "Gram",
				"salesPrice": 38.95,
				"salesPriceData": {
					"b2cPrice": 38.95,
					"b2bPrice": 34.78
				},
				"piecePrice": 38.95,
				"piecePriceData": {
					"b2cPrice": 38.95,
					"b2bPrice": 34.78
				},
				"salesUnit": "Styck",
				"comparativePriceText": "kr/kg",
				"comparativePrice": 97.38,
				"comparativePriceData": {
					"b2cPrice": 97.38,
					"b2bPrice": 86.95
				},
				"articleSold": false,
				"deposit": 0.0,
				"depositData": {
					"b2cPrice": 0.0,
					"b2bPrice": 0.0
				},
				"vat": {
					"code": "vat-full-2",
					"value": 12.0,
					"type": "Percentage"
				},
				"nutrientLinks": [
					{
						"amount": [
							"95"
						],
						"description": "Energi",
						"unit": "Kilokalori"
					},
					{
						"amount": [
							"398"
						],
						"description": "Energi",
						"unit": "Kilojoule"
					},
					{
						"amount": [
							"2.7"
						],
						"description": "Fett",
						"unit": "Gram"
					},
					{
						"amount": [
							"0.4"
						],
						"description": "Varav mättat fett",
						"unit": "Gram"
					},
					{
						"amount": [
							"13"
						],
						"description": "Kolhydrat",
						"unit": "Gram"
					},
					{
						"amount": [
							"2.4"
						],
						"description": "Varav sockerarter",
						"unit": "Gram"
					},
					{
						"amount": [
							"1.8"
						],
						"description": "Fiber",
						"unit": "Gram"
					},
					{
						"amount": [
							"3.7"
						],
						"description": "Protein",
						"unit": "Gram"
					},
					{
						"amount": [
							"0.51"
						],
						"description": "Salt",
						"unit": "Gram"
					}
				],
				"animalFoodData": {},
				"allergyInfo": [
					{
						"code": "VEGAN"
					}
				],
				"fromSweden": false,
				"availableOnline": true,
				"countryOfOriginCodes": [
					{
						"code": "056",
						"value": "Belgien"
					}
				],
				"consumerInstructions": {
					"storageInstructions": "FÖRVARING OCH MINSTA HÅLLBARHET: I frysutrymme (-18ºC eller kallare), se datummärkning. Bör alltid förvaras fryst. Bör ej frysas efter upptining.",
					"usageInstructions": "ÅTERVINN FÖRPACKNINGEN! Sorteras som papper och plast."
				},
				"preparationInstructions": "VARMLUFTSUGN 180°C 35-40 minLåt plastfolien sitta kvar och tillaga från djupfryst i ugn. |PIM_MULTIVALUE_SEPARATOR|MIKRO (750 W) 8-10 minuterSkär ett litet snitt i plastfolien och värm den djupfrysta maträtten. Låt stå någon minut innan du serverar.",
				"preparationInstructionsList": [
					"VARMLUFTSUGN 180°C 35-40 minLåt plastfolien sitta kvar och tillaga från djupfryst i ugn.",
					"MIKRO (750 W) 8-10 minuterSkär ett litet snitt i plastfolien och värm den djupfrysta maträtten. Låt stå någon minut innan du serverar."
				],
				"isMagazine": false,
				"nutrientBasis": {
					"quantity": 100.0
				},
				"pharmaceuticalData": {
					"isPharmaceutical": false
				},
				"nutrientInformation": [
					{
						"header": {
							"nutrientBasisQuantity": 100.0,
							"nutrientBasisQuantityType": "BY_MEASURE",
							"nutrientBasisQuantityUnit": {
								"code": "GRM",
								"value": "Gram"
							}
						}
					}
				],
				"sustainabilityInfo": [
					{
						"productScore": [
							{
								"score": 4.5,
								"param": "Biologisk mångfald",
								"paramId": "biodiversity"
							},
							{
								"score": 2.0,
								"param": "Klimat",
								"paramId": "climate"
							},
							{
								"score": 2.0,
								"param": "Bördighet",
								"paramId": "soil_fertility"
							},
							{
								"score": 4.0,
								"param": "Vatten",
								"paramId": "water"
							},
							{
								"score": 4.5,
								"param": "Bekämpningsmedel",
								"paramId": "pesticides"
							},
							{
								"score": 4.5,
								"param": "Övergödning",
								"paramId": "eutrophication"
							},
							{
								"score": null,
								"param": "Djuromsorg och antibiotika",
								"paramId": "animal_welfare_antibiotics"
							},
							{
								"score": 3.5,
								"param": "Arbetsförhållanden",
								"paramId": "working_conditions"
							},
							{
								"score": 4.5,
								"param": "Lokalbefolkning",
								"paramId": "local_population"
							},
							{
								"score": 3.5,
								"param": "Lagefterlevnad och spårbarhet",
								"paramId": "compliance_traceability"
							}
						]
					}
				],
				"sustainabilityInfoApplicable": true
			},
			{
				"id": "7350127680467",
				"type": "Product",
				"ean": "7350127680467",
				"name": "Vegofilé Original",
				"manufacturerName": "Hooked",
				"imageUrl": "http://res.cloudinary.com/coopsverige/image/upload/v1723807851/cloud/378987.tiff",
				"listOfIngredients": "Vatten, 11% vegetabiliskt protein (VETE, SOJA, ärta), vegetabiliska oljor (solros, raps), VETEmjöl, fibrer (bambu, VETE, citrus), naturlig arom, förtjockningsmedel (metylcellulosa), VETEstärkelse, ättika, havssalt, konserveringsmedel (kaliumacetater), kryddor, salt.",
				"navCategories": [
					{
						"code": "33429",
						"name": "Vegetarisk filé",
						"superCategories": [
							{
								"code": "193841567",
								"name": "Fryst",
								"superCategories": [
									{
										"code": "39033900",
										"name": "Vegetariskt",
										"superCategories": []
									}
								]
							}
						]
					},
					{
						"code": "156564005",
						"name": "Färs, Filé & bitar",
						"superCategories": [
							{
								"code": "156563963",
								"name": "Vegetariskt",
								"superCategories": [
									{
										"code": "25854",
										"name": "Frys",
										"superCategories": []
									}
								]
							}
						]
					}
				],
				"consumerInformationText": [
					"Fryst"
				],
				"maxStorageTemperature": "-18",
				"packageSize": 160.0,
				"packageSizeInformation": "160 g",
				"packageSizeUnit": "Gram",
				"salesPrice": 35.95,
				"salesPriceData": {
					"b2cPrice": 35.95,
					"b2bPrice": 32.1
				},
				"piecePrice": 35.95,
				"piecePriceData": {
					"b2cPrice": 35.95,
					"b2bPrice": 32.1
				},
				"salesUnit": "Styck",
				"comparativePriceText": "kr/kg",
				"comparativePrice": 224.69,
				"comparativePriceData": {
					"b2cPrice": 224.69,
					"b2bPrice": 200.62
				},
				"articleSold": false,
				"deposit": 0.0,
				"depositData": {
					"b2cPrice": 0.0,
					"b2bPrice": 0.0
				},
				"vat": {
					"code": "vat-full-2",
					"value": 12.0,
					"type": "Percentage"
				},
				"nutrientLinks": [
					{
						"amount": [
							"167"
						],
						"description": "Energi",
						"unit": "Kilokalori"
					},
					{
						"amount": [
							"697"
						],
						"description": "Energi",
						"unit": "Kilojoule"
					},
					{
						"amount": [
							"10"
						],
						"description": "Fett",
						"unit": "Gram"
					},
					{
						"amount": [
							"1.3"
						],
						"description": "Varav mättat fett",
						"unit": "Gram"
					},
					{
						"amount": [
							"6.2"
						],
						"description": "Kolhydrat",
						"unit": "Gram"
					},
					{
						"amount": [
							"0.4"
						],
						"description": "Varav sockerarter",
						"unit": "Gram"
					},
					{
						"amount": [
							"10"
						],
						"description": "Protein",
						"unit": "Gram"
					},
					{
						"amount": [
							"1.1"
						],
						"description": "Salt",
						"unit": "Gram"
					}
				],
				"animalFoodData": {},
				"fromSweden": false,
				"availableOnline": true,
				"countryOfOriginCodes": [
					{
						"code": "528",
						"value": "Nederländerna"
					}
				],
				"isMagazine": false,
				"nutrientBasis": {
					"quantity": 100.0
				},
				"pharmaceuticalData": {
					"isPharmaceutical": false
				},
				"nutrientInformation": [
					{
						"header": {
							"nutrientBasisQuantity": 100.0,
							"nutrientBasisQuantityType": "BY_MEASURE",
							"nutrientBasisQuantityUnit": {
								"code": "GRM",
								"value": "Gram"
							}
						}
					}
				],
				"sustainabilityInfoApplicable": true
			},
			{
				"id": "7310240072327",
				"type": "Product",
				"ean": "7310240072327",
				"name": "Pizza Vego Mexicana ",
				"manufacturerName": "Anamma",
				"description": "En riktigt god vegansk pizza med smaker från den klassiska mexicana pizzan! Anamma VegoMexikana har en gyllenbrun krispig botten och är toppad med Anammas veganska färs, paprika och grön chilipeppar. Det har aldrig varit enklara att laga en god enkel vegansk middag på nolltid! Anamma står för riktigt god vegansk mat som lagas med omtanke för dig, djuren och miljön. Vegopizzan har ca 85% mindre klimatpåverkan jämfört med en icke-vegansk mexicanapizza. Läs mer om Anamma och hur de har räknat ut klimatpåverkan på anamma.eu",
				"imageUrl": "http://res.cloudinary.com/coopsverige/image/upload/v1567642291/381047.tiff",
				"listOfIngredients": "Botten/Bunn/Bund: VETEMJÖL/HVETEMEL/HVEDEMEL, vatten/vand, rapsolja, jäst/gjær/gær, salt. Fyllning/Fyll/Fyld: Vegofärs/Plantefars (vatten/vand, SOJAPROTEIN, rapsolja, lök, salt, kryddor/krydderier, naturliga aromer, karamelliserat socker/sukker), vatten/vand, tomatpuré, modifierad stärkelse/modifisert stivelse, kokosolja, paprika/peberfrugt, tomat, grön chilipeppar, jalapeño, kryddor och kryddextrakt/krydderier og krydderiekstrakt (bl.a. spiskummin/spidskommen, vitlök och svartpeppar), socker/sukker, druvsocker/druesukker, salt, bambufiber/bambusfiber, naturlig arom, emulgeringsmedel/emulgator (citronsyra, natriumfosfat), färgämne/fargestoff/farve (paprikaoleoresin/paprikaekstrakt, betakaroten). Kan innehålla/inneholde/indeholde spår/spor av/af MJÖLK/MELK/MÆLK. Till en pizza har använts 18% vegofärs/plantefars och 3% paprika/peberfrugt.",
				"navCategories": [
					{
						"code": "33435",
						"name": "Övrig vegetariskt",
						"superCategories": [
							{
								"code": "193841567",
								"name": "Fryst",
								"superCategories": [
									{
										"code": "39033900",
										"name": "Vegetariskt",
										"superCategories": []
									}
								]
							}
						]
					},
					{
						"code": "156564150",
						"name": "Vegetariskt",
						"superCategories": [
							{
								"code": "32993",
								"name": "Portionsrätter",
								"superCategories": [
									{
										"code": "25854",
										"name": "Frys",
										"superCategories": []
									}
								]
							}
						]
					},
					{
						"code": "156564064",
						"name": "Färdigt att värma",
						"superCategories": [
							{
								"code": "156563963",
								"name": "Vegetariskt",
								"superCategories": [
									{
										"code": "25854",
										"name": "Frys",
										"superCategories": []
									}
								]
							}
						]
					}
				],
				"accreditedTags": [
					{
						"code": "FOREST_STEWARDSHIP_COUNCIL_MIX"
					}
				],
				"consumerInformationText": [
					"Fryst"
				],
				"maxStorageTemperature": "-18",
				"packageSize": 350.0,
				"packageSizeInformation": "350 g",
				"packageSizeUnit": "Gram",
				"salesPrice": 42.95,
				"salesPriceData": {
					"b2cPrice": 42.95,
					"b2bPrice": 38.35
				},
				"piecePrice": 42.95,
				"piecePriceData": {
					"b2cPrice": 42.95,
					"b2bPrice": 38.35
				},
				"salesUnit": "Styck",
				"comparativePriceText": "kr/kg",
				"comparativePrice": 122.71,
				"comparativePriceData": {
					"b2cPrice": 122.71,
					"b2bPrice": 109.56
				},
				"articleSold": false,
				"deposit": 0.0,
				"depositData": {
					"b2cPrice": 0.0,
					"b2bPrice": 0.0
				},
				"vat": {
					"code": "vat-full-2",
					"value": 12.0,
					"type": "Percentage"
				},
				"nutrientLinks": [
					{
						"amount": [
							"881"
						],
						"description": "Energi",
						"unit": "Kilojoule"
					},
					{
						"amount": [
							"211"
						],
						"description": "Energi",
						"unit": "Kilokalori"
					},
					{
						"amount": [
							"7.7"
						],
						"description": "Fett",
						"unit": "Gram"
					},
					{
						"amount": [
							"3.9"
						],
						"description": "Varav mättat fett",
						"unit": "Gram"
					},
					{
						"amount": [
							"27"
						],
						"description": "Kolhydrat",
						"unit": "Gram"
					},
					{
						"amount": [
							"2.3"
						],
						"description": "Varav sockerarter",
						"unit": "Gram"
					},
					{
						"amount": [
							"7.0"
						],
						"description": "Protein",
						"unit": "Gram"
					},
					{
						"amount": [
							"1.0"
						],
						"description": "Salt",
						"unit": "Gram"
					}
				],
				"animalFoodData": {},
				"allergyInfo": [
					{
						"code": "VEGAN"
					}
				],
				"fromSweden": false,
				"availableOnline": true,
				"countryOfOriginCodes": [
					{
						"code": "752",
						"value": "Sverige"
					}
				],
				"consumerInstructions": {
					"storageInstructions": "Djupfryst -18 °C eller lägre. Bör inte frysas efter upptining"
				},
				"preparationInstructions": "Ugn 225°C (Varmluftsugn 200°C) -Värm pizzan från fryst. 1.Ta pizzan ur kartongen och ta bort plasten. 2.Värm pizzan på en plåt mitt i ugnen i ca 14-16 minuter.. Effekten kan variera mellan olika ugnar och därmed också tillagningstiden.",
				"preparationInstructionsList": [
					"Ugn 225°C (Varmluftsugn 200°C) -Värm pizzan från fryst. 1.Ta pizzan ur kartongen och ta bort plasten. 2.Värm pizzan på en plåt mitt i ugnen i ca 14-16 minuter.. Effekten kan variera mellan olika ugnar och därmed också tillagningstiden."
				],
				"isMagazine": false,
				"nutrientBasis": {
					"quantity": 100.0
				},
				"pharmaceuticalData": {
					"isPharmaceutical": false
				},
				"nutrientInformation": [
					{
						"header": {
							"nutrientBasisQuantity": 100.0,
							"nutrientBasisQuantityType": "BY_MEASURE",
							"nutrientBasisQuantityUnit": {
								"code": "GRM",
								"value": "Gram"
							}
						}
					}
				],
				"sustainabilityInfoApplicable": true
			},
			{
				"id": "7350125520123",
				"type": "Product",
				"ean": "7350125520123",
				"name": "Burgare Mungböna 4-pack",
				"manufacturerName": "Max Burgers",
				"description": "Mungburgare: Frysta. Riktigt smakrik vegansk burgare med krispig yta och bra konsistens och tuggmotstånd. Ekologisk och helt utan tillsatser. Fri från gluten och soja. Enkel och snabb att tillaga; stek, grilla, rosta i ugn eller fritera. Gjord på den hälsosamma mungbönan och med ett högt proteininnehåll. Producerad i Sverige.",
				"imageUrl": "http://res.cloudinary.com/coopsverige/image/upload/v1695646884/cloud/291322.tiff",
				"listOfIngredients": "Mungböna* 68%, rundkornigt råris*, lök*, rapsolja*, rödbeta*, salt, vitlök*, koriander*, bockhornsklöver*, spiskummin*, cayennepeppar*, lagerblad*. * Ekologisk råvara, EU/icke-EU-jordbruk",
				"navCategories": [
					{
						"code": "33434",
						"name": "Vegetariska hamburgare",
						"superCategories": [
							{
								"code": "193841567",
								"name": "Fryst",
								"superCategories": [
									{
										"code": "39033900",
										"name": "Vegetariskt",
										"superCategories": []
									}
								]
							}
						]
					}
				],
				"accreditedTags": [
					{
						"code": "EU_ORGANIC_FARMING",
						"description": "EU Ekologiskt jordbruk",
						"imageUrl": "https://res.cloudinary.com/coopsverige/image/upload/cooponline/produktmarkning/EUOrganicFarmingLogo.jpg",
						"priority": 210
					},
					{
						"code": "100_PERCENT_VEGANSKT"
					}
				],
				"consumerInformationText": [
					"Fryst"
				],
				"maxStorageTemperature": "-18",
				"packageSize": 360.0,
				"packageSizeInformation": "360 g",
				"packageSizeUnit": "Gram",
				"salesPrice": 54.95,
				"salesPriceData": {
					"b2cPrice": 54.95,
					"b2bPrice": 49.06
				},
				"piecePrice": 54.95,
				"piecePriceData": {
					"b2cPrice": 54.95,
					"b2bPrice": 49.06
				},
				"salesUnit": "Styck",
				"comparativePriceText": "kr/kg",
				"comparativePrice": 152.64,
				"comparativePriceData": {
					"b2cPrice": 152.64,
					"b2bPrice": 136.29
				},
				"articleSold": false,
				"deposit": 0.0,
				"depositData": {
					"b2cPrice": 0.0,
					"b2bPrice": 0.0
				},
				"vat": {
					"code": "vat-full-2",
					"value": 12.0,
					"type": "Percentage"
				},
				"nutrientLinks": [
					{
						"amount": [
							"234"
						],
						"description": "Energi",
						"unit": "Kilokalori"
					},
					{
						"amount": [
							"978"
						],
						"description": "Energi",
						"unit": "Kilojoule"
					},
					{
						"amount": [
							"7.9"
						],
						"description": "Fett",
						"unit": "Gram"
					},
					{
						"amount": [
							"0.6"
						],
						"description": "Varav mättat fett",
						"unit": "Gram"
					},
					{
						"amount": [
							"30"
						],
						"description": "Kolhydrat",
						"unit": "Gram"
					},
					{
						"amount": [
							"1.1"
						],
						"description": "Varav sockerarter",
						"unit": "Gram"
					},
					{
						"amount": [
							"6.1"
						],
						"description": "Fiber",
						"unit": "Gram"
					},
					{
						"amount": [
							"10"
						],
						"description": "Protein",
						"unit": "Gram"
					},
					{
						"amount": [
							"1.1"
						],
						"description": "Salt",
						"unit": "Gram"
					}
				],
				"animalFoodData": {},
				"allergyInfo": [
					{
						"code": "VEGAN"
					}
				],
				"fromSweden": false,
				"availableOnline": true,
				"countryOfOriginCodes": [
					{
						"code": "752",
						"value": "Sverige"
					}
				],
				"nutritionalClaimData": {
					"nutritionalClaimTypeCode": {
						"code": "FREE_FROM",
						"value": "FREE_FROM"
					},
					"nutritionalClaimNutrientElementCode": {
						"code": "GLUTEN",
						"value": "GLUTEN"
					},
					"claimMarkedOnPackage": "FALSE|PIM_MULTIVALUE_SEPARATOR|FALSE"
				},
				"shortTradeItemMarketingMessage": {
					"seq2": "Ekologiskt vegoalternativ med massor av smak – utan en enda tillsats! Skamlöst goda Burgare ready to cook med oändliga kombinationsmöjligheter."
				},
				"preparationInstructions": "Enkel och snabb att tillaga; stek, grilla, rosta i ugn eller fritera. Vid stekning ca 3 min på vardera sida.",
				"preparationInstructionsList": [
					"Enkel och snabb att tillaga; stek, grilla, rosta i ugn eller fritera. Vid stekning ca 3 min på vardera sida."
				],
				"isMagazine": false,
				"nutrientBasis": {
					"quantity": 100.0
				},
				"pharmaceuticalData": {
					"isPharmaceutical": false
				},
				"nutrientInformation": [
					{
						"header": {
							"nutrientBasisQuantity": 100.0,
							"nutrientBasisQuantityType": "BY_MEASURE",
							"nutrientBasisQuantityUnit": {
								"code": "GRM",
								"value": "Gram"
							}
						}
					}
				],
				"sustainabilityInfoApplicable": true
			},
			{
				"id": "7340012511792",
				"type": "Product",
				"ean": "7340012511792",
				"name": "Lasagne Al Forno Vegan",
				"manufacturerName": "Da Carla Vego",
				"description": "En krämig och smakrik lasagna gjord enligt den italienska traditionen med ragu' och bechamelsås i en härlig vegansk variant. Bara att värma!",
				"imageUrl": "http://res.cloudinary.com/coopsverige/image/upload/v1645060440/cloud/246924.tiff",
				"listOfIngredients": "Ingredienser: vegansk ragùsås 40% (vatten, SOJAprotein, rapsolja, lök, salt, kryddor, naturliga smakämnen, karamelliserat socker), vatten, halvkoncentrerad tomat, morötter, lök, SELLERI, rödvin, dubbeltomat koncentrat, extrajungfru olivolja, grönsaksbuljong (salt, potatisstärkelse, jästextrakt, maltodextrin (potatis, majs), torkade grönsaker (lök, morot, SELLERI, persilja), solrosolja, kryddor, naturliga aromer), basilika, vegansk worchestershire sås [vatten, äppelcidervinäger, melass, SOJAsås (vatten, SOJAbönor, VETE, salt, alkohol), rörsocker, tamarindpasta, havssalt, majsstärkelse, xantangummi, torkad lök, torkad vitlök, kryddnejlika, torkad chilipeppar ], socker, oregano, lagerblad]; vegansk bechamel 32% (SOJAmjölk (vatten, SOJAbönor, salt), rismjölk (vatten, ris, risolja, salt), VETEmjöl, extra jungfru olivolja, salt, muskot, svartpeppar), förkokt pasta 26% (DURUMVETE, vatten), vegetabiliska fetter, salt, naturliga smakämnen, konserveringsmedel: kaliumsorbat).Allergener: SOJA, VETE, SELLERI. Tillverkat i en anläggning där skaldjur, fisk, nötter, senap, blötdjur, ägg, mjölk och selleri används.",
				"navCategories": [
					{
						"code": "33435",
						"name": "Övrig vegetariskt",
						"superCategories": [
							{
								"code": "193841567",
								"name": "Fryst",
								"superCategories": [
									{
										"code": "39033900",
										"name": "Vegetariskt",
										"superCategories": []
									}
								]
							}
						]
					},
					{
						"code": "334562",
						"name": "Lasagne",
						"superCategories": [
							{
								"code": "32622",
								"name": "Pasta & Pastasås",
								"superCategories": [
									{
										"code": "21330",
										"name": "Skafferi",
										"superCategories": []
									}
								]
							}
						]
					},
					{
						"code": "156564064",
						"name": "Färdigt att värma",
						"superCategories": [
							{
								"code": "156563963",
								"name": "Vegetariskt",
								"superCategories": [
									{
										"code": "25854",
										"name": "Frys",
										"superCategories": []
									}
								]
							}
						]
					}
				],
				"consumerInformationText": [
					"Fryst"
				],
				"packageSize": 400.0,
				"packageSizeInformation": "400 g",
				"packageSizeUnit": "Gram",
				"salesPrice": 48.5,
				"salesPriceData": {
					"b2cPrice": 48.5,
					"b2bPrice": 43.3
				},
				"piecePrice": 48.5,
				"piecePriceData": {
					"b2cPrice": 48.5,
					"b2bPrice": 43.3
				},
				"salesUnit": "Styck",
				"comparativePriceText": "kr/kg",
				"comparativePrice": 121.25,
				"comparativePriceData": {
					"b2cPrice": 121.25,
					"b2bPrice": 108.26
				},
				"articleSold": false,
				"deposit": 0.0,
				"depositData": {
					"b2cPrice": 0.0,
					"b2bPrice": 0.0
				},
				"vat": {
					"code": "vat-full-2",
					"value": 12.0,
					"type": "Percentage"
				},
				"nutrientLinks": [
					{
						"amount": [
							"533"
						],
						"description": "Energi",
						"unit": "Kilojoule"
					},
					{
						"amount": [
							"126"
						],
						"description": "Energi",
						"unit": "Kilokalori"
					},
					{
						"amount": [
							"4"
						],
						"description": "Fett",
						"unit": "Gram"
					},
					{
						"amount": [
							"0.8"
						],
						"description": "Varav mättat fett",
						"unit": "Gram"
					},
					{
						"amount": [
							"17"
						],
						"description": "Kolhydrat",
						"unit": "Gram"
					},
					{
						"amount": [
							"1.4"
						],
						"description": "Varav sockerarter",
						"unit": "Gram"
					},
					{
						"amount": [
							"5.5"
						],
						"description": "Protein",
						"unit": "Gram"
					},
					{
						"amount": [
							"0.4"
						],
						"description": "Salt",
						"unit": "Gram"
					}
				],
				"animalFoodData": {},
				"fromSweden": false,
				"availableOnline": true,
				"countryOfOriginCodes": [
					{
						"code": "380",
						"value": "Italien"
					}
				],
				"shortTradeItemMarketingMessage": {
					"seq1": "En krämig och smakrik lasagna gjord enligt den italienska traditionen med ragu' och bechamelsås i en härlig vegansk variant. Bara att värma!"
				},
				"preparationInstructions": "Stekpanna: steka i 10/12 minuter på medelvärme, tillsätt ett halvt glas vatten, rör om ofta.|PIM_MULTIVALUE_SEPARATOR|Mikrovågsugn: Ta bort filmen och lägg produkten, fortfarande frusen, i 8 minuter vid 800W.",
				"preparationInstructionsList": [
					"Stekpanna: steka i 10/12 minuter på medelvärme, tillsätt ett halvt glas vatten, rör om ofta.",
					"Mikrovågsugn: Ta bort filmen och lägg produkten, fortfarande frusen, i 8 minuter vid 800W."
				],
				"isMagazine": false,
				"nutrientBasis": {
					"quantity": 100.0
				},
				"pharmaceuticalData": {
					"isPharmaceutical": false
				},
				"nutrientInformation": [
					{
						"header": {
							"nutrientBasisQuantity": 100.0,
							"nutrientBasisQuantityType": "BY_MEASURE",
							"nutrientBasisQuantityUnit": {
								"code": "GRM",
								"value": "Gram"
							}
						}
					}
				],
				"sustainabilityInfoApplicable": true
			},
			{
				"id": "7310960049982",
				"type": "Product",
				"ean": "7310960049982",
				"name": "Frasig Falafel",
				"manufacturerName": "Dafgårds",
				"imageUrl": "http://res.cloudinary.com/coopsverige/image/upload/v1721284919/cloud/373917.tiff",
				"listOfIngredients": "Kikärtor (67%), lök, rapsolja, koriander, kikärtsmjöl, kryddor, salt, vitlök, vatten, ärtstärkelse, citronjuicekoncentrat.",
				"navCategories": [
					{
						"code": "33425",
						"name": "Falafel",
						"superCategories": [
							{
								"code": "193841567",
								"name": "Fryst",
								"superCategories": [
									{
										"code": "39033900",
										"name": "Vegetariskt",
										"superCategories": []
									}
								]
							}
						]
					}
				],
				"consumerInformationText": [
					"Fryst"
				],
				"maxStorageTemperature": "-18",
				"packageSize": 500.0,
				"packageSizeInformation": "500 g",
				"packageSizeUnit": "Gram",
				"salesPrice": 40.95,
				"salesPriceData": {
					"b2cPrice": 40.95,
					"b2bPrice": 36.56
				},
				"piecePrice": 40.95,
				"piecePriceData": {
					"b2cPrice": 40.95,
					"b2bPrice": 36.56
				},
				"salesUnit": "Styck",
				"comparativePriceText": "kr/kg",
				"comparativePrice": 81.9,
				"comparativePriceData": {
					"b2cPrice": 81.9,
					"b2bPrice": 73.13
				},
				"articleSold": false,
				"deposit": 0.0,
				"depositData": {
					"b2cPrice": 0.0,
					"b2bPrice": 0.0
				},
				"vat": {
					"code": "vat-full-2",
					"value": 12.0,
					"type": "Percentage"
				},
				"nutrientLinks": [
					{
						"amount": [
							"210"
						],
						"description": "Energi",
						"unit": "Kilokalori"
					},
					{
						"amount": [
							"877"
						],
						"description": "Energi",
						"unit": "Kilojoule"
					},
					{
						"amount": [
							"10"
						],
						"description": "Fett",
						"unit": "Gram"
					},
					{
						"amount": [
							"0.8"
						],
						"description": "Varav mättat fett",
						"unit": "Gram"
					},
					{
						"amount": [
							"21"
						],
						"description": "Kolhydrat",
						"unit": "Gram"
					},
					{
						"amount": [
							"2.2"
						],
						"description": "Varav sockerarter",
						"unit": "Gram"
					},
					{
						"amount": [
							"5"
						],
						"description": "Fiber",
						"unit": "Gram"
					},
					{
						"amount": [
							"8.7"
						],
						"description": "Protein",
						"unit": "Gram"
					},
					{
						"amount": [
							"1.3"
						],
						"description": "Salt",
						"unit": "Gram"
					}
				],
				"animalFoodData": {},
				"fromSweden": false,
				"availableOnline": true,
				"countryOfOriginCodes": [
					{
						"code": "752",
						"value": "Sverige"
					}
				],
				"preparationInstructions": "Fryst produkt steks i lite matolja på svag till medelstark värme. 5-8 minuter. Vänd om i falaflarna under tiden.\nFryst produkt värms i ugnssäker form ca 15 minuter, 200°C.",
				"preparationInstructionsList": [
					"Fryst produkt steks i lite matolja på svag till medelstark värme. 5-8 minuter. Vänd om i falaflarna under tiden.\nFryst produkt värms i ugnssäker form ca 15 minuter, 200°C."
				],
				"isMagazine": false,
				"nutrientBasis": {
					"quantity": 100.0
				},
				"pharmaceuticalData": {
					"isPharmaceutical": false
				},
				"nutrientInformation": [
					{
						"header": {
							"nutrientBasisQuantity": 100.0,
							"nutrientBasisQuantityType": "BY_MEASURE",
							"nutrientBasisQuantityUnit": {
								"code": "GRM",
								"value": "Gram"
							}
						}
					}
				],
				"sustainabilityInfoApplicable": true
			},
			{
				"id": "7310240080056",
				"type": "Product",
				"ean": "7310240080056",
				"name": "Indisk Palak Bowl",
				"manufacturerName": "Felix",
				"description": "Felix Indian Masala Bowl hämtar inspiration från det indiska kökets smakrika och färgstarka grytor som Masala och Palak Paneer.?I botten hittar vi linser och aromatiskt basmatiris som omges av en sås på krämig kokosmjölk smaksatt med garam masala, vitlök och ingefära. Toppad med färskost, grillad zucchini, spenat, kikärtor och körsbärstomater. Bowlen är matig och mättande med 50% grönsaker. Felix frysta färdiga rätter passar utmärkt som lunch på jobbet eller som snabb middag. Fantastiskt god och enkel mat, bara att värma och äta direkt ur förpackningen. Tillagas på bara 6 minuter i mikron. Rätten är tillagad med omsorg i Eslöv, hjärtat av Skåne. Denna produkt ingår i Felix Matklubb, där du alltid får den 10:e måltiden på köpet när du har köpt 9 stycken. Läs mer på förpackningen eller på felixmatklubb.se där du även registrerar dina köp. Få reda på mer om Felix frysta färdiga rätter på felix.se Smaklig måltid!",
				"imageUrl": "http://res.cloudinary.com/coopsverige/image/upload/v1695823792/cloud/291671.tiff",
				"listOfIngredients": "Gröna och röda linser (15 %), basmatiris, kokosmjölk, vatten, spenat (8,5 %), körsbärstomat, färskOST (8 %), kikärtor, grillad zucchini, lök, apelsinjuice, tomatpuré, solroskärnor, limejuice, ingefära, grönsaksbuljong (havssalt, rismjöl, morot, kryddor (bl.a. libbsticka, fänkål), pumpamjöl, champinjon, shiitake, lök, vitlök), vitlök, stärkelse, garam masala (kryddor bl.a. spiskummin, koriander, kanel, cayennepeppar), MJÖLKprotein, kryddor.",
				"navCategories": [
					{
						"code": "33435",
						"name": "Övrig vegetariskt",
						"superCategories": [
							{
								"code": "193841567",
								"name": "Fryst",
								"superCategories": [
									{
										"code": "39033900",
										"name": "Vegetariskt",
										"superCategories": []
									}
								]
							}
						]
					},
					{
						"code": "193842010",
						"name": "Portionsrätter",
						"superCategories": [
							{
								"code": "193841567",
								"name": "Fryst",
								"superCategories": [
									{
										"code": "39033900",
										"name": "Vegetariskt",
										"superCategories": []
									}
								]
							}
						]
					}
				],
				"accreditedTags": [
					{
						"code": "FOREST_STEWARDSHIP_COUNCIL_RECYCLED"
					}
				],
				"consumerInformationText": [
					"Fryst"
				],
				"maxStorageTemperature": "-18",
				"packageSize": 380.0,
				"packageSizeInformation": "380 g",
				"packageSizeUnit": "Gram",
				"salesPrice": 48.95,
				"salesPriceData": {
					"b2cPrice": 48.95,
					"b2bPrice": 43.71
				},
				"piecePrice": 48.95,
				"piecePriceData": {
					"b2cPrice": 48.95,
					"b2bPrice": 43.71
				},
				"salesUnit": "Styck",
				"comparativePriceText": "kr/kg",
				"comparativePrice": 128.82,
				"comparativePriceData": {
					"b2cPrice": 128.82,
					"b2bPrice": 115.02
				},
				"articleSold": false,
				"deposit": 0.0,
				"depositData": {
					"b2cPrice": 0.0,
					"b2bPrice": 0.0
				},
				"vat": {
					"code": "vat-full-2",
					"value": 12.0,
					"type": "Percentage"
				},
				"nutrientLinks": [
					{
						"amount": [
							"426"
						],
						"description": "Energi",
						"unit": "Kilojoule"
					},
					{
						"amount": [
							"102"
						],
						"description": "Energi",
						"unit": "Kilokalori"
					},
					{
						"amount": [
							"4.5"
						],
						"description": "Fett",
						"unit": "Gram"
					},
					{
						"amount": [
							"2.7"
						],
						"description": "Varav mättat fett",
						"unit": "Gram"
					},
					{
						"amount": [
							"9.9"
						],
						"description": "Kolhydrat",
						"unit": "Gram"
					},
					{
						"amount": [
							"1.6"
						],
						"description": "Varav sockerarter",
						"unit": "Gram"
					},
					{
						"amount": [
							"2.2"
						],
						"description": "Fiber",
						"unit": "Gram"
					},
					{
						"amount": [
							"4.4"
						],
						"description": "Protein",
						"unit": "Gram"
					},
					{
						"amount": [
							"0.71"
						],
						"description": "Salt",
						"unit": "Gram"
					}
				],
				"animalFoodData": {},
				"allergyInfo": [
					{
						"code": "VEGETARIAN"
					}
				],
				"fromSweden": false,
				"availableOnline": true,
				"declarationOfOrigin": "FÄRSKOST FRÅN EU",
				"countryOfOriginCodes": [
					{
						"code": "752",
						"value": "Sverige"
					}
				],
				"consumerInstructions": {
					"storageInstructions": "Djupfryst -18 °C eller lägre. Bör inte frysas efter upptining"
				},
				"preparationInstructions": "Tillagning i mikrovågsugn (800 W) från fryst: 1. Stick några hål i plastfolien. 2. Värm rätten i 3 minuter. 3. Tag bort plastfolien och rör om rätten. 4. Värm rätten i ytterligare 2,5 minuter. 5. Rör om och vänta någon minut innan du börjar äta. Tänk på att effekten mellan olika mikrovågsugnar varierar och därmed även tillagningstiden.",
				"preparationInstructionsList": [
					"Tillagning i mikrovågsugn (800 W) från fryst: 1. Stick några hål i plastfolien. 2. Värm rätten i 3 minuter. 3. Tag bort plastfolien och rör om rätten. 4. Värm rätten i ytterligare 2,5 minuter. 5. Rör om och vänta någon minut innan du börjar äta. Tänk på att effekten mellan olika mikrovågsugnar varierar och därmed även tillagningstiden."
				],
				"isMagazine": false,
				"nutrientBasis": {
					"quantity": 100.0
				},
				"pharmaceuticalData": {
					"isPharmaceutical": false
				},
				"nutrientInformation": [
					{
						"header": {
							"nutrientBasisQuantity": 100.0,
							"nutrientBasisQuantityType": "BY_MEASURE",
							"nutrientBasisQuantityUnit": {
								"code": "GRM",
								"value": "Gram"
							}
						}
					}
				],
				"regulatedProductName": "Linsgryta med spenat och färskost",
				"sustainabilityInfoApplicable": true
			},
			{
				"id": "7310240080025",
				"type": "Product",
				"ean": "7310240080025",
				"name": "Halloumi Hotpot",
				"manufacturerName": "Felix",
				"description": "Creamy Halloumi Hotpot är en mild och krämig gryta med mycket smak inspirerad av det asiatiska köket.?I botten hittar vi basmatiris och linser som omges av en krämig sås på kokosmjölk, morot, mild chili och ingefära. Toppad med Halloumi, sötpotatis och broccoli. Bowlen är matig och mättande med 50% grönsaker. Felix frysta färdiga rätter passar utmärkt som lunch på jobbet eller som snabb middag. Fantastiskt god och enkel mat, bara att värma och äta direkt ur förpackningen. Tillagas på bara 6 minuter i mikron. Rätten är tillagad med omsorg i Eslöv, hjärtat av Skåne. Denna produkt ingår i Felix Matklubb, där du alltid får den 10:e måltiden på köpet när du har köpt 9 stycken. Läs mer på förpackningen eller på felixmatklubb.se där du även registrerar dina köp. Få reda på mer om Felix frysta färdiga rätter på felix.se Smaklig måltid!",
				"imageUrl": "http://res.cloudinary.com/coopsverige/image/upload/v1693836435/cloud/289888.tiff",
				"listOfIngredients": "Gröna och röda linser, kokosmjölk, basmatiris, sötpotatis, broccoli (9,5 %), halloumiOST (4 %), morot, lök, palsternacka, röd currypasta (vitlök, chili, citrongräs, salt, lök, galanga, limeblad, fänkål, koriander), grönsaksbuljong (morot, SELLERI, lök, naturlig arom, salt, socker, solrosolja, potatisflingor, citronjuicekoncentrat), stärkelse, salt, ingefära, vitlök, kryddor (bl.a. mynta, spiskummin).",
				"navCategories": [
					{
						"code": "193842010",
						"name": "Portionsrätter",
						"superCategories": [
							{
								"code": "193841567",
								"name": "Fryst",
								"superCategories": [
									{
										"code": "39033900",
										"name": "Vegetariskt",
										"superCategories": []
									}
								]
							}
						]
					}
				],
				"accreditedTags": [
					{
						"code": "FOREST_STEWARDSHIP_COUNCIL_RECYCLED"
					}
				],
				"consumerInformationText": [
					"Fryst"
				],
				"maxStorageTemperature": "-18",
				"packageSize": 370.0,
				"packageSizeInformation": "370 g",
				"packageSizeUnit": "Gram",
				"salesPrice": 48.95,
				"salesPriceData": {
					"b2cPrice": 48.95,
					"b2bPrice": 43.71
				},
				"piecePrice": 48.95,
				"piecePriceData": {
					"b2cPrice": 48.95,
					"b2bPrice": 43.71
				},
				"salesUnit": "Styck",
				"comparativePriceText": "kr/kg",
				"comparativePrice": 132.3,
				"comparativePriceData": {
					"b2cPrice": 132.3,
					"b2bPrice": 118.13
				},
				"articleSold": false,
				"deposit": 0.0,
				"depositData": {
					"b2cPrice": 0.0,
					"b2bPrice": 0.0
				},
				"vat": {
					"code": "vat-full-2",
					"value": 12.0,
					"type": "Percentage"
				},
				"nutrientLinks": [
					{
						"amount": [],
						"description": "TEMP_EFCBFBFFBAEFDE"
					},
					{
						"amount": [
							"583"
						],
						"description": "Energi",
						"unit": "Kilojoule"
					},
					{
						"amount": [
							"139"
						],
						"description": "Energi",
						"unit": "Kilokalori"
					},
					{
						"amount": [
							"6.2"
						],
						"description": "Fett",
						"unit": "Gram"
					},
					{
						"amount": [
							"5.2"
						],
						"description": "Varav mättat fett",
						"unit": "Gram"
					},
					{
						"amount": [
							"15"
						],
						"description": "Kolhydrat",
						"unit": "Gram"
					},
					{
						"amount": [
							"1.4"
						],
						"description": "Varav sockerarter",
						"unit": "Gram"
					},
					{
						"amount": [
							"2.7"
						],
						"description": "Fiber",
						"unit": "Gram"
					},
					{
						"amount": [
							"4.6"
						],
						"description": "Protein",
						"unit": "Gram"
					},
					{
						"amount": [
							"0.69"
						],
						"description": "Salt",
						"unit": "Gram"
					}
				],
				"animalFoodData": {},
				"fromSweden": false,
				"availableOnline": true,
				"declarationOfOrigin": "HALLOUMI FRÅN CYPERN",
				"countryOfOriginCodes": [
					{
						"code": "752",
						"value": "Sverige"
					}
				],
				"consumerInstructions": {
					"storageInstructions": "Djupfryst -18 °C eller lägre. Bör inte frysas efter upptining"
				},
				"preparationInstructions": "Tillagning i mikrovågsugn (800 W) från fryst: 1. Stick några hål i plastfolien. 2. Värm rätten i 5-6 minuter. 3. Tag bort plastfolien, rör om och vänta någon minut innan du börjar äta. Tänk på att effekten mellan olika mikrovågsugnar varierar och därmed även tillagningstiden.",
				"preparationInstructionsList": [
					"Tillagning i mikrovågsugn (800 W) från fryst: 1. Stick några hål i plastfolien. 2. Värm rätten i 5-6 minuter. 3. Tag bort plastfolien, rör om och vänta någon minut innan du börjar äta. Tänk på att effekten mellan olika mikrovågsugnar varierar och därmed även tillagningstiden."
				],
				"isMagazine": false,
				"nutrientBasis": {
					"quantity": 100.0
				},
				"pharmaceuticalData": {
					"isPharmaceutical": false
				},
				"nutrientInformation": [
					{
						"header": {
							"nutrientBasisQuantity": 100.0,
							"nutrientBasisQuantityType": "BY_MEASURE",
							"nutrientBasisQuantityUnit": {
								"code": "GRM",
								"value": "Gram"
							}
						}
					}
				],
				"regulatedProductName": "Linsgryta med kokosmjölk, broccoli och halloumi",
				"sustainabilityInfoApplicable": true
			},
			{
				"id": "7350124670102",
				"type": "Product",
				"ean": "7350124670102",
				"name": "Vegobullar Svenskodlade",
				"manufacturerName": "Svenska Färsodlarna",
				"imageUrl": "http://res.cloudinary.com/coopsverige/image/upload/v1709111085/cloud/331039.tiff",
				"listOfIngredients": "Svenskodlad vegofärs 52% (SÖTLUPIN*, gråärt*, åkerböna*,rapsolja*, salt), vatten, VETEPROTEIN, morot*, kokt HAVRERIS*,lök, rapsolja*, kryddor (bl. a. tomat, muskotnöt), ärtfiber,salt, limejuice, tapiokastärkelse, svartpeppar.*Svenskt ursprung.",
				"navCategories": [
					{
						"code": "33433",
						"name": "Vegetariska bullar",
						"superCategories": [
							{
								"code": "193841567",
								"name": "Fryst",
								"superCategories": [
									{
										"code": "39033900",
										"name": "Vegetariskt",
										"superCategories": []
									}
								]
							}
						]
					}
				],
				"accreditedTags": [
					{
						"code": "NYCKELHALET",
						"description": "Nyckelhålet",
						"imageUrl": "https://res.cloudinary.com/coopsverige/image/upload/v1618910221/cooponline/Labels%27/nyckelhal_RGB.png",
						"priority": 240
					},
					{
						"code": "FRAN_SVERIGE",
						"description": "Svenskt ursprung",
						"imageUrl": "https://res.cloudinary.com/coopsverige/image/upload/v1545316510/cooponline/Labels'/40px/grafik-m-rkning-bild-stor-fr-n-sverige.png",
						"priority": 300
					}
				],
				"consumerInformationText": [
					"Fryst"
				],
				"maxStorageTemperature": "-18",
				"packageSize": 260.0,
				"packageSizeInformation": "260 g",
				"packageSizeUnit": "Gram",
				"salesPrice": 36.95,
				"salesPriceData": {
					"b2cPrice": 36.95,
					"b2bPrice": 32.99
				},
				"piecePrice": 36.95,
				"piecePriceData": {
					"b2cPrice": 36.95,
					"b2bPrice": 32.99
				},
				"salesUnit": "Styck",
				"comparativePriceText": "kr/kg",
				"comparativePrice": 142.12,
				"comparativePriceData": {
					"b2cPrice": 142.12,
					"b2bPrice": 126.89
				},
				"articleSold": false,
				"deposit": 0.0,
				"depositData": {
					"b2cPrice": 0.0,
					"b2bPrice": 0.0
				},
				"vat": {
					"code": "vat-full-2",
					"value": 12.0,
					"type": "Percentage"
				},
				"nutrientLinks": [
					{
						"amount": [
							"778"
						],
						"description": "Energi",
						"unit": "Kilojoule"
					},
					{
						"amount": [
							"186"
						],
						"description": "Energi",
						"unit": "Kilokalori"
					},
					{
						"amount": [
							"6"
						],
						"description": "Fett",
						"unit": "Gram"
					},
					{
						"amount": [
							"0.7"
						],
						"description": "Varav mättat fett",
						"unit": "Gram"
					},
					{
						"amount": [
							"14"
						],
						"description": "Kolhydrat",
						"unit": "Gram"
					},
					{
						"amount": [
							"1.8"
						],
						"description": "Varav sockerarter",
						"unit": "Gram"
					},
					{
						"amount": [
							"6.8"
						],
						"description": "Fiber",
						"unit": "Gram"
					},
					{
						"amount": [
							"16"
						],
						"description": "Protein",
						"unit": "Gram"
					},
					{
						"amount": [
							"0.9"
						],
						"description": "Salt",
						"unit": "Gram"
					}
				],
				"animalFoodData": {},
				"allergyInfo": [
					{
						"code": "VEGETARIAN"
					}
				],
				"fromSweden": true,
				"availableOnline": true,
				"countryOfOriginCodes": [
					{
						"code": "752",
						"value": "Sverige"
					}
				],
				"consumerInstructions": {
					"storageInstructions": "I frysutrymme (-18°C eller kallare). Ska inte frysas igen efter upptining."
				},
				"preparationInstructions": "Stek de frysta vegobullarna med lite olja på medelhög värme i ca 10 min, eller rosta dem i ugnen på 200 grader i ca 10 min. Du kan även tillaga dem i air fryer i 10 min.",
				"preparationInstructionsList": [
					"Stek de frysta vegobullarna med lite olja på medelhög värme i ca 10 min, eller rosta dem i ugnen på 200 grader i ca 10 min. Du kan även tillaga dem i air fryer i 10 min."
				],
				"isMagazine": false,
				"nutrientBasis": {
					"quantity": 100.0
				},
				"pharmaceuticalData": {
					"isPharmaceutical": false
				},
				"nutrientInformation": [
					{
						"header": {
							"nutrientBasisQuantity": 100.0,
							"nutrientBasisQuantityType": "BY_MEASURE",
							"nutrientBasisQuantityUnit": {
								"code": "GRM",
								"value": "Gram"
							}
						}
					}
				],
				"sustainabilityInfoApplicable": true
			},
			{
				"id": "7300156502681",
				"type": "Product",
				"ean": "7300156502681",
				"name": "Pasta Ricotta & Spenat",
				"manufacturerName": "Coop",
				"imageUrl": "http://res.cloudinary.com/coopsverige/image/upload/v1610631018/416982.tiff",
				"listOfIngredients": "INGREDIENSER: Vatten, DURUMVETEMJÖL , körsbärstomater 8%, spenat 7,6% (EU), röd grillad paprika 4%, GRÄDDE 3,2%, rödlök 3%, VETEMJÖL , semitorkade tomater 2,4%, koncentrerad tomatpuré, ricottaost 1,5% (vassle ( MJÖLK )), vitt vin, ÄGG från frigående höns, olivolja, mozzarellaost ( MJÖLK , salt, mjölksyrakultur, mikrobiellt ystenzym), salt, SKUMMJÖLKSPULVER , emmentalerost ( MJÖLK , salt, mikrobiellt ystenzym), maasdamerost ( MJÖLK , salt, mikrobiellt ystenzymmjölksyrakultur), rapsolja, majsstärkelse, ost ( MJÖLK , salt, mikrobiellt ystenzym, mjölksyrakultur), goudaost ( MJÖLK , salt, mikrobiellt ystenzymmjölksyrakultur), vitlök, salt, risstärkelse, basilika, vinäger, persilja, peppar, kryddor, potatisstärkelse.42 g tortellinioch 4,9% ost per 100 g färdig rätt.",
				"navCategories": [
					{
						"code": "33064",
						"name": "Övrig färdigmat",
						"superCategories": [
							{
								"code": "32992",
								"name": "Färdigt att värma",
								"superCategories": [
									{
										"code": "25854",
										"name": "Frys",
										"superCategories": []
									}
								]
							}
						]
					},
					{
						"code": "193842010",
						"name": "Portionsrätter",
						"superCategories": [
							{
								"code": "193841567",
								"name": "Fryst",
								"superCategories": [
									{
										"code": "39033900",
										"name": "Vegetariskt",
										"superCategories": []
									}
								]
							}
						]
					}
				],
				"consumerInformationText": [
					"Fryst"
				],
				"maxStorageTemperature": "-18",
				"packageSize": 350.0,
				"packageSizeInformation": "350 g",
				"packageSizeUnit": "Gram",
				"salesPrice": 38.95,
				"salesPriceData": {
					"b2cPrice": 38.95,
					"b2bPrice": 34.78
				},
				"piecePrice": 38.95,
				"piecePriceData": {
					"b2cPrice": 38.95,
					"b2bPrice": 34.78
				},
				"salesUnit": "Styck",
				"comparativePriceText": "kr/kg",
				"comparativePrice": 111.29,
				"comparativePriceData": {
					"b2cPrice": 111.29,
					"b2bPrice": 99.37
				},
				"articleSold": false,
				"deposit": 0.0,
				"depositData": {
					"b2cPrice": 0.0,
					"b2bPrice": 0.0
				},
				"vat": {
					"code": "vat-full-2",
					"value": 12.0,
					"type": "Percentage"
				},
				"nutrientLinks": [
					{
						"amount": [
							"120"
						],
						"description": "Energi",
						"unit": "Kilokalori"
					},
					{
						"amount": [
							"505"
						],
						"description": "Energi",
						"unit": "Kilojoule"
					},
					{
						"amount": [
							"4.4"
						],
						"description": "Fett",
						"unit": "Gram"
					},
					{
						"amount": [
							"1.8"
						],
						"description": "Varav mättat fett",
						"unit": "Gram"
					},
					{
						"amount": [
							"15"
						],
						"description": "Kolhydrat",
						"unit": "Gram"
					},
					{
						"amount": [
							"2"
						],
						"description": "Varav sockerarter",
						"unit": "Gram"
					},
					{
						"amount": [
							"4.5"
						],
						"description": "Protein",
						"unit": "Gram"
					},
					{
						"amount": [
							"1.1"
						],
						"description": "Salt",
						"unit": "Gram"
					}
				],
				"animalFoodData": {},
				"fromSweden": false,
				"availableOnline": true,
				"countryOfOriginCodes": [
					{
						"code": "056",
						"value": "Belgien"
					}
				],
				"consumerInstructions": {
					"storageInstructions": "FÖRVARING: -18°C eller kallare."
				},
				"isMagazine": false,
				"nutrientBasis": {
					"quantity": 100.0
				},
				"pharmaceuticalData": {
					"isPharmaceutical": false
				},
				"nutrientInformation": [
					{
						"header": {
							"nutrientBasisQuantity": 100.0,
							"nutrientBasisQuantityUnit": {
								"code": "GRM",
								"value": "Gram"
							}
						}
					}
				],
				"sustainabilityInfo": [
					{
						"productScore": [
							{
								"score": 2.0,
								"param": "Biologisk mångfald",
								"paramId": "biodiversity"
							},
							{
								"score": 1.0,
								"param": "Klimat",
								"paramId": "climate"
							},
							{
								"score": 1.5,
								"param": "Bördighet",
								"paramId": "soil_fertility"
							},
							{
								"score": 1.5,
								"param": "Vatten",
								"paramId": "water"
							},
							{
								"score": 1.5,
								"param": "Bekämpningsmedel",
								"paramId": "pesticides"
							},
							{
								"score": 1.5,
								"param": "Övergödning",
								"paramId": "eutrophication"
							},
							{
								"score": null,
								"param": "Djuromsorg och antibiotika",
								"paramId": "animal_welfare_antibiotics"
							},
							{
								"score": 1.5,
								"param": "Arbetsförhållanden",
								"paramId": "working_conditions"
							},
							{
								"score": 1.5,
								"param": "Lokalbefolkning",
								"paramId": "local_population"
							},
							{
								"score": 1.5,
								"param": "Lagefterlevnad och spårbarhet",
								"paramId": "compliance_traceability"
							}
						]
					}
				],
				"sustainabilityInfoApplicable": true
			},
			{
				"id": "7310240077643",
				"type": "Product",
				"ean": "7310240077643",
				"name": "Pizza X-tra Allt Mozzarella",
				"manufacturerName": "Grandiosa",
				"description": "Grandiosas minipizza är toppad med X-TRA mycket Mozzarella, perfekt att plocka ut ur frysen när du är ”on the go”. Mozarellapizza värms enkelt i micron eller ugnen och passar perfekt till mellanmål. \n\nMozzarella nämns för första gången i Bortolomeo Scappis receptbok från 1570. Med sin mjuka och milda smak är det inte svårt att förstå att Mozzarellan sedan dess har blivit en av världens mest älskade ostar. \n\nGrandiosa bakade sin första pizza redan på 70-talet och har blivit en vardagshjälte hemma i frysen. Fryspizzorna finns i flera storlekar och passar lika bra som mellanmål, middag eller om du bara är sugen. Alla pizzorna från Grandiosa är stenugnsbakade och gräddade i Sveriges största pizzeria i Vansbro.",
				"imageUrl": "http://res.cloudinary.com/coopsverige/image/upload/v1549477773/361572.tiff",
				"listOfIngredients": "Botten: VETEmjöl, vatten, rapsolja, socker, jäst, salt och emulgeringsmedel E471. Fyllning: mozzarellaOST, tomat, tomatpuré, lök, soltorkad tomat, vatten, socker, salt, kryddor (bl a chilipeppar, basilika, vitlök, oregano och spiskummin), kryddextrakt, jästextrakt och potatismjöl. Till en pizza har använts 24 % mozzarellaost och 11 % tomat.",
				"navCategories": [
					{
						"code": "156564150",
						"name": "Vegetariskt",
						"superCategories": [
							{
								"code": "32993",
								"name": "Portionsrätter",
								"superCategories": [
									{
										"code": "25854",
										"name": "Frys",
										"superCategories": []
									}
								]
							}
						]
					},
					{
						"code": "33068",
						"name": "Pizza",
						"superCategories": [
							{
								"code": "32992",
								"name": "Färdigt att värma",
								"superCategories": [
									{
										"code": "25854",
										"name": "Frys",
										"superCategories": []
									}
								]
							}
						]
					},
					{
						"code": "193842010",
						"name": "Portionsrätter",
						"superCategories": [
							{
								"code": "193841567",
								"name": "Fryst",
								"superCategories": [
									{
										"code": "39033900",
										"name": "Vegetariskt",
										"superCategories": []
									}
								]
							}
						]
					}
				],
				"accreditedTags": [
					{
						"code": "FOREST_STEWARDSHIP_COUNCIL_MIX"
					}
				],
				"consumerInformationText": [
					"Fryst"
				],
				"maxStorageTemperature": "-18",
				"packageSize": 165.0,
				"packageSizeInformation": "165 g",
				"packageSizeUnit": "Gram",
				"salesPrice": 22.5,
				"salesPriceData": {
					"b2cPrice": 22.5,
					"b2bPrice": 20.09
				},
				"piecePrice": 22.5,
				"piecePriceData": {
					"b2cPrice": 22.5,
					"b2bPrice": 20.09
				},
				"salesUnit": "Styck",
				"comparativePriceText": "kr/kg",
				"comparativePrice": 136.36,
				"comparativePriceData": {
					"b2cPrice": 136.36,
					"b2bPrice": 121.75
				},
				"articleSold": false,
				"deposit": 0.0,
				"depositData": {
					"b2cPrice": 0.0,
					"b2bPrice": 0.0
				},
				"vat": {
					"code": "vat-full-2",
					"value": 12.0,
					"type": "Percentage"
				},
				"nutrientLinks": [
					{
						"amount": [],
						"description": "TEMP_DBCECDDEDE"
					},
					{
						"amount": [
							"900"
						],
						"description": "Energi",
						"unit": "Kilojoule"
					},
					{
						"amount": [
							"220"
						],
						"description": "Energi",
						"unit": "Kilokalori"
					},
					{
						"amount": [
							"8.4"
						],
						"description": "Fett",
						"unit": "Gram"
					},
					{
						"amount": [
							"3.8"
						],
						"description": "Varav mättat fett",
						"unit": "Gram"
					},
					{
						"amount": [
							"25"
						],
						"description": "Kolhydrat",
						"unit": "Gram"
					},
					{
						"amount": [
							"2.4"
						],
						"description": "Varav sockerarter",
						"unit": "Gram"
					},
					{
						"amount": [
							"10"
						],
						"description": "Protein",
						"unit": "Gram"
					},
					{
						"amount": [
							"1.2"
						],
						"description": "Salt",
						"unit": "Gram"
					}
				],
				"animalFoodData": {},
				"allergyInfo": [
					{
						"code": "VEGETARIAN"
					}
				],
				"onlinePromotions": [
					{
						"id": "016001_31286",
						"price": 59.0,
						"priceData": {
							"b2cPrice": 59.0,
							"b2bPrice": 52.68
						},
						"startDate": "2025-01-26T23:00:00Z",
						"endDate": "2025-03-09T23:00:00Z",
						"message": "MINIPIZZA 3 för 59kr-3 för 59:-",
						"type": "MULTI_BUY_FIXED_PRICE",
						"numberOfProductRequired": 3,
						"medMeraRequired": false,
						"priority": 910
					}
				],
				"fromSweden": false,
				"availableOnline": true,
				"countryOfOriginCodes": [
					{
						"code": "752",
						"value": "Sverige"
					}
				],
				"consumerInstructions": {
					"storageInstructions": "Djupfryst -18 °C eller lägre. Bör inte frysas efter upptining"
				},
				"preparationInstructions": "TILLAGNING I MIKROUGN. Värm pizzan i påsen. 1. Klipp av ena hörnet på påsen. Lägg pizzan i mikrougnen med baksidan (denna sida) nedåt. 2. Värm från djupfryst i mikrougn, 800 W (hög effekt) under ca 3 minuter. 3. Låt pizzan vila i påsen ca 30 sekunder före servering. Tillagning i ugn. Tag den djupfrysta pizzan ur påsen och placera endast pizzan i ugnen. Värm pizzan i 200 ca 10 min. Effekten kan variera mellan olika ugnar och därmed även tillagningstiden.",
				"preparationInstructionsList": [
					"TILLAGNING I MIKROUGN. Värm pizzan i påsen. 1. Klipp av ena hörnet på påsen. Lägg pizzan i mikrougnen med baksidan (denna sida) nedåt. 2. Värm från djupfryst i mikrougn, 800 W (hög effekt) under ca 3 minuter. 3. Låt pizzan vila i påsen ca 30 sekunder före servering. Tillagning i ugn. Tag den djupfrysta pizzan ur påsen och placera endast pizzan i ugnen. Värm pizzan i 200 ca 10 min. Effekten kan variera mellan olika ugnar och därmed även tillagningstiden."
				],
				"isMagazine": false,
				"nutrientBasis": {
					"quantity": 100.0
				},
				"pharmaceuticalData": {
					"isPharmaceutical": false
				},
				"nutrientInformation": [
					{
						"header": {
							"nutrientBasisQuantity": 100.0,
							"nutrientBasisQuantityType": "BY_MEASURE",
							"nutrientBasisQuantityUnit": {
								"code": "GRM",
								"value": "Gram"
							}
						}
					}
				],
				"regulatedProductName": "Pizza med ost",
				"sustainabilityInfoApplicable": true
			},
			{
				"id": "7316641415008",
				"type": "Product",
				"ean": "7316641415008",
				"name": "The Original Chunk Vegan",
				"manufacturerName": "Oumph!®",
				"description": "Oumph! the Original Chunk är neutrala vegetariska bitar gjorda på sojaböna från Europa och är helt veganska och glutenfria. Passar bra till vuxna och barn. Bitarna är lätta att använda och gör att du enkelt kan byta ut kycklingen i en rätt. Krydda dom med det du gillar och använd dom i grytor, pasta, wrap och sallad. Oumph! är grymt god vegetarisk mat som är lätt att tillaga och bra för planeten.",
				"imageUrl": "http://res.cloudinary.com/coopsverige/image/upload/v1715764530/cloud/354259.tiff",
				"listOfIngredients": "INGREDIENSER: Vatten, SOJAproteinkoncentrat 25%, rapsolja, naturlig arom, salt.",
				"navCategories": [
					{
						"code": "33435",
						"name": "Övrig vegetariskt",
						"superCategories": [
							{
								"code": "193841567",
								"name": "Fryst",
								"superCategories": [
									{
										"code": "39033900",
										"name": "Vegetariskt",
										"superCategories": []
									}
								]
							}
						]
					},
					{
						"code": "334606",
						"name": "Övrig vegetariskt",
						"superCategories": [
							{
								"code": "156564441",
								"name": "Vegetariskt",
								"superCategories": [
									{
										"code": "5377683",
										"name": "Färdigmat & Mellanmål",
										"superCategories": []
									}
								]
							}
						]
					},
					{
						"code": "156564005",
						"name": "Färs, Filé & bitar",
						"superCategories": [
							{
								"code": "156563963",
								"name": "Vegetariskt",
								"superCategories": [
									{
										"code": "25854",
										"name": "Frys",
										"superCategories": []
									}
								]
							}
						]
					}
				],
				"consumerInformationText": [
					"Fryst"
				],
				"maxStorageTemperature": "-18",
				"packageSize": 280.0,
				"packageSizeInformation": "280g",
				"packageSizeUnit": "Gram",
				"salesPrice": 39.95,
				"salesPriceData": {
					"b2cPrice": 39.95,
					"b2bPrice": 35.67
				},
				"piecePrice": 39.95,
				"piecePriceData": {
					"b2cPrice": 39.95,
					"b2bPrice": 35.67
				},
				"salesUnit": "Styck",
				"comparativePriceText": "kr/kg",
				"comparativePrice": 142.68,
				"comparativePriceData": {
					"b2cPrice": 142.68,
					"b2bPrice": 127.39
				},
				"articleSold": false,
				"deposit": 0.0,
				"depositData": {
					"b2cPrice": 0.0,
					"b2bPrice": 0.0
				},
				"vat": {
					"code": "vat-full-2",
					"value": 12.0,
					"type": "Percentage"
				},
				"nutrientLinks": [
					{
						"amount": [
							"100"
						],
						"description": "Energi",
						"unit": "Kilokalori"
					},
					{
						"amount": [
							"418"
						],
						"description": "Energi",
						"unit": "Kilojoule"
					},
					{
						"amount": [
							"2.9"
						],
						"description": "Fett",
						"unit": "Gram"
					},
					{
						"amount": [
							"0.3"
						],
						"description": "Varav mättat fett",
						"unit": "Gram"
					},
					{
						"amount": [
							"0.4"
						],
						"description": "Kolhydrat",
						"unit": "Gram"
					},
					{
						"amount": [
							"0.0"
						],
						"description": "Varav sockerarter",
						"unit": "Gram"
					},
					{
						"amount": [
							"4.4"
						],
						"description": "Fiber",
						"unit": "Gram"
					},
					{
						"amount": [
							"15.9"
						],
						"description": "Protein",
						"unit": "Gram"
					},
					{
						"amount": [
							"1.5"
						],
						"description": "Salt",
						"unit": "Gram"
					},
					{
						"amount": [
							"33.7"
						],
						"description": "Folsyra",
						"unit": "Mikrogram",
						"percentageOfDailyIntake": "17"
					},
					{
						"amount": [
							"3.5"
						],
						"description": "Järn",
						"unit": "Milligram",
						"percentageOfDailyIntake": "25"
					}
				],
				"animalFoodData": {},
				"fromSweden": false,
				"availableOnline": true,
				"countryOfOriginCodes": [
					{
						"code": "752",
						"value": "Sverige"
					}
				],
				"preparationInstructions": "TILLAGNING: Krydda eller marinera bitarna som du vill och stek sedan i olja 4-5 minuter. Det ska bli riktig stekyta! Blanda med det du gillar! Vi gillar Oumph! med färska grönsaker, kryddningar och såser. Gör du en gryta, lägg i stekt Oumph! sist så den blir varm. Enjoy!",
				"preparationInstructionsList": [
					"TILLAGNING: Krydda eller marinera bitarna som du vill och stek sedan i olja 4-5 minuter. Det ska bli riktig stekyta! Blanda med det du gillar! Vi gillar Oumph! med färska grönsaker, kryddningar och såser. Gör du en gryta, lägg i stekt Oumph! sist så den blir varm. Enjoy!"
				],
				"isMagazine": false,
				"nutrientBasis": {
					"quantity": 100.0
				},
				"pharmaceuticalData": {
					"isPharmaceutical": false
				},
				"nutrientInformation": [
					{
						"header": {
							"nutrientBasisQuantity": 100.0,
							"nutrientBasisQuantityType": "BY_MEASURE",
							"nutrientBasisQuantityUnit": {
								"code": "GRM",
								"value": "Gram"
							}
						}
					}
				],
				"regulatedProductName": "Veganska bitar",
				"sustainabilityInfoApplicable": true
			},
			{
				"id": "7310240120042",
				"type": "Product",
				"ean": "7310240120042",
				"name": "Vegokorv",
				"manufacturerName": "Anamma",
				"description": "Vegansk korv från Anamma är baserad på sojaprotein och fri från gluten. Vegokorven har en mild och god smak som passar alla. Den passar lika bra på grillen som i en korvstroganoff. \n\nAnamma står för riktigt god vegansk mat som lagas med omtanke för dig, djuren och miljön. Vegokorven har ca 60% mindre klimatpåverkan jämfört med grillkorv. Läs mer om Anamma och hur de har räknat ut klimatpåverkan på anamma.eu",
				"imageUrl": "http://res.cloudinary.com/coopsverige/image/upload/v1695823694/cloud/291661.tiff",
				"listOfIngredients": "Vatten, SOJAprotein (11 %), rapsolja, ärtprotein (3,5 %), lök, citrusfiber, kryddor (bl.a. paprika, koriander), salt, potatisstärkelse, ärtstärkelse, vitlök, tomat, rödbetspulver, naturlig arom, rökarom, stabiliseringsmedel (metylcellulosa).",
				"navCategories": [
					{
						"code": "33431",
						"name": "Vegetarisk korv",
						"superCategories": [
							{
								"code": "193841567",
								"name": "Fryst",
								"superCategories": [
									{
										"code": "39033900",
										"name": "Vegetariskt",
										"superCategories": []
									}
								]
							}
						]
					}
				],
				"consumerInformationText": [
					"Fryst"
				],
				"maxStorageTemperature": "-18",
				"packageSize": 300.0,
				"packageSizeInformation": "300 g",
				"packageSizeUnit": "Gram",
				"salesPrice": 46.95,
				"salesPriceData": {
					"b2cPrice": 46.95,
					"b2bPrice": 41.92
				},
				"piecePrice": 46.95,
				"piecePriceData": {
					"b2cPrice": 46.95,
					"b2bPrice": 41.92
				},
				"salesUnit": "Styck",
				"comparativePriceText": "kr/kg",
				"comparativePrice": 156.5,
				"comparativePriceData": {
					"b2cPrice": 156.5,
					"b2bPrice": 139.73
				},
				"articleSold": false,
				"deposit": 0.0,
				"depositData": {
					"b2cPrice": 0.0,
					"b2bPrice": 0.0
				},
				"vat": {
					"code": "vat-full-2",
					"value": 12.0,
					"type": "Percentage"
				},
				"nutrientLinks": [
					{
						"amount": [
							"729"
						],
						"description": "Energi",
						"unit": "Kilojoule"
					},
					{
						"amount": [
							"174"
						],
						"description": "Energi",
						"unit": "Kilokalori"
					},
					{
						"amount": [
							"12"
						],
						"description": "Fett",
						"unit": "Gram"
					},
					{
						"amount": [
							"0.9"
						],
						"description": "Varav mättat fett",
						"unit": "Gram"
					},
					{
						"amount": [
							"4.8"
						],
						"description": "Kolhydrat",
						"unit": "Gram"
					},
					{
						"amount": [
							"1.4"
						],
						"description": "Varav sockerarter",
						"unit": "Gram"
					},
					{
						"amount": [
							"4.5"
						],
						"description": "Fiber",
						"unit": "Gram"
					},
					{
						"amount": [
							"11"
						],
						"description": "Protein",
						"unit": "Gram"
					},
					{
						"amount": [
							"1.5"
						],
						"description": "Salt",
						"unit": "Gram"
					}
				],
				"animalFoodData": {},
				"allergyInfo": [
					{
						"code": "VEGAN"
					}
				],
				"fromSweden": false,
				"availableOnline": true,
				"countryOfOriginCodes": [
					{
						"code": "752",
						"value": "Sverige"
					}
				],
				"nutritionalClaimData": {
					"nutritionalClaimTypeCode": {
						"code": "FREE_FROM",
						"value": "FREE_FROM"
					},
					"nutritionalClaimNutrientElementCode": {
						"code": "GLUTEN",
						"value": "GLUTEN"
					},
					"claimMarkedOnPackage": "TRUE"
				},
				"consumerInstructions": {
					"storageInstructions": "Djupfryst -18 °C eller lägre. Bör inte frysas efter upptining"
				},
				"preparationInstructions": "Tillagas från fryst. Stek i olja i förvärmd panna på medelhög värme ca 12 min. Vänd under tillagning.",
				"preparationInstructionsList": [
					"Tillagas från fryst. Stek i olja i förvärmd panna på medelhög värme ca 12 min. Vänd under tillagning."
				],
				"isMagazine": false,
				"nutrientBasis": {
					"quantity": 100.0
				},
				"pharmaceuticalData": {
					"isPharmaceutical": false
				},
				"nutrientInformation": [
					{
						"header": {
							"nutrientBasisQuantity": 100.0,
							"nutrientBasisQuantityType": "BY_MEASURE",
							"nutrientBasisQuantityUnit": {
								"code": "GRM",
								"value": "Gram"
							}
						}
					}
				],
				"regulatedProductName": "Vegansk korv av soja- och ärtprotein",
				"sustainabilityInfoApplicable": true
			},
			{
				"id": "7310240120035",
				"type": "Product",
				"ean": "7310240120035",
				"name": "Vegobullar",
				"manufacturerName": "Anamma",
				"description": "Anammas saftiga vegobullar är baserade på sojaprotein och glutenfria. Sojafärsen har rullats till perfekta veganska köttbullar som går snabbt att steka. Servera med klassiska tillbehör så har du en vegansk middag klar på nolltid!\n\nAnamma står för riktigt god vegansk mat som lagas med omtanke för dig, djuren och miljön. Vegobullarna har ca 90% mindre klimatpåverkan jämfört köttbullar gjorda på nötfärs. Läs mer om Anamma och hur de har räknat ut klimatpåverkan på anamma.eu",
				"imageUrl": "http://res.cloudinary.com/coopsverige/image/upload/v1667826378/cloud/265847.tiff",
				"listOfIngredients": "Vatten, SOJAprotein (16 %), rapsolja, lök, kryddor, salt, äppelextrakt, ärtfiber, ärtstärkelse, naturlig arom (innehåller gummi arabicum), stabiliseringsmedel (metylcellulosa).",
				"navCategories": [
					{
						"code": "33433",
						"name": "Vegetariska bullar",
						"superCategories": [
							{
								"code": "193841567",
								"name": "Fryst",
								"superCategories": [
									{
										"code": "39033900",
										"name": "Vegetariskt",
										"superCategories": []
									}
								]
							}
						]
					}
				],
				"accreditedTags": [
					{
						"code": "NYCKELHALET",
						"description": "Nyckelhålet",
						"imageUrl": "https://res.cloudinary.com/coopsverige/image/upload/v1618910221/cooponline/Labels%27/nyckelhal_RGB.png",
						"priority": 240
					}
				],
				"consumerInformationText": [
					"Fryst"
				],
				"maxStorageTemperature": "-18",
				"packageSize": 300.0,
				"packageSizeInformation": "300 g",
				"packageSizeUnit": "Gram",
				"salesPrice": 46.5,
				"salesPriceData": {
					"b2cPrice": 46.5,
					"b2bPrice": 41.52
				},
				"piecePrice": 46.5,
				"piecePriceData": {
					"b2cPrice": 46.5,
					"b2bPrice": 41.52
				},
				"salesUnit": "Styck",
				"comparativePriceText": "kr/kg",
				"comparativePrice": 155.0,
				"comparativePriceData": {
					"b2cPrice": 155.0,
					"b2bPrice": 138.39
				},
				"articleSold": false,
				"deposit": 0.0,
				"depositData": {
					"b2cPrice": 0.0,
					"b2bPrice": 0.0
				},
				"vat": {
					"code": "vat-full-2",
					"value": 12.0,
					"type": "Percentage"
				},
				"nutrientLinks": [
					{
						"amount": [
							"668"
						],
						"description": "Energi",
						"unit": "Kilojoule"
					},
					{
						"amount": [
							"160"
						],
						"description": "Energi",
						"unit": "Kilokalori"
					},
					{
						"amount": [
							"10"
						],
						"description": "Fett",
						"unit": "Gram"
					},
					{
						"amount": [
							"0.8"
						],
						"description": "Varav mättat fett",
						"unit": "Gram"
					},
					{
						"amount": [
							"4.7"
						],
						"description": "Kolhydrat",
						"unit": "Gram"
					},
					{
						"amount": [
							"0.7"
						],
						"description": "Varav sockerarter",
						"unit": "Gram"
					},
					{
						"amount": [
							"4.2"
						],
						"description": "Fiber",
						"unit": "Gram"
					},
					{
						"amount": [
							"11"
						],
						"description": "Protein",
						"unit": "Gram"
					},
					{
						"amount": [
							"1.0"
						],
						"description": "Salt",
						"unit": "Gram"
					}
				],
				"animalFoodData": {},
				"allergyInfo": [
					{
						"code": "VEGAN"
					}
				],
				"fromSweden": false,
				"availableOnline": true,
				"countryOfOriginCodes": [
					{
						"code": "752",
						"value": "Sverige"
					}
				],
				"nutritionalClaimData": {
					"nutritionalClaimTypeCode": {
						"code": "FREE_FROM",
						"value": "FREE_FROM"
					},
					"nutritionalClaimNutrientElementCode": {
						"code": "GLUTEN",
						"value": "GLUTEN"
					},
					"claimMarkedOnPackage": "TRUE"
				},
				"consumerInstructions": {
					"storageInstructions": "Djupfryst -18 °C eller lägre. Bör inte frysas efter upptining"
				},
				"preparationInstructions": "Tillagas från fryst. Stek i olja i förvärmd panna på medelhög värme ca 12 min. Vänd under tillagning.",
				"preparationInstructionsList": [
					"Tillagas från fryst. Stek i olja i förvärmd panna på medelhög värme ca 12 min. Vänd under tillagning."
				],
				"isMagazine": false,
				"nutrientBasis": {
					"quantity": 100.0
				},
				"pharmaceuticalData": {
					"isPharmaceutical": false
				},
				"nutrientInformation": [
					{
						"header": {
							"nutrientBasisQuantity": 100.0,
							"nutrientBasisQuantityType": "BY_MEASURE",
							"nutrientBasisQuantityUnit": {
								"code": "GRM",
								"value": "Gram"
							}
						}
					}
				],
				"regulatedProductName": "Veganska sojabullar",
				"sustainabilityInfoApplicable": true
			},
			{
				"id": "7350037197468",
				"type": "Product",
				"ean": "7350037197468",
				"name": "Marcus Grillkorv",
				"manufacturerName": "Peas of Heaven",
				"imageUrl": "http://res.cloudinary.com/coopsverige/image/upload/v1727656193/cloud/390358.tiff",
				"listOfIngredients": "Ingredienser: Vatten, rapsolja, \närtprotein, stärkelse, salt, förtjock-\nningsmedel (metylcellulosa,be-\narbetad eucheumaalg, konjakgummi), \nsvamppulver, kryddor, ingefära,\npaprika, lök, citrusfibrer, arom.\nStoppad i vegansk tarm:\nstabiliseringsmedel (natriumalginat, \nkonjakgummi, guargummi)",
				"navCategories": [
					{
						"code": "33431",
						"name": "Vegetarisk korv",
						"superCategories": [
							{
								"code": "193841567",
								"name": "Fryst",
								"superCategories": [
									{
										"code": "39033900",
										"name": "Vegetariskt",
										"superCategories": []
									}
								]
							}
						]
					}
				],
				"consumerInformationText": [
					"Fryst"
				],
				"maxStorageTemperature": "-18",
				"packageSize": 350.0,
				"packageSizeInformation": "350g",
				"packageSizeUnit": "Gram",
				"salesPrice": 61.95,
				"salesPriceData": {
					"b2cPrice": 61.95,
					"b2bPrice": 55.31
				},
				"piecePrice": 61.95,
				"piecePriceData": {
					"b2cPrice": 61.95,
					"b2bPrice": 55.31
				},
				"salesUnit": "Styck",
				"comparativePriceText": "kr/kg",
				"comparativePrice": 177.0,
				"comparativePriceData": {
					"b2cPrice": 177.0,
					"b2bPrice": 158.04
				},
				"articleSold": false,
				"deposit": 0.0,
				"depositData": {
					"b2cPrice": 0.0,
					"b2bPrice": 0.0
				},
				"vat": {
					"code": "vat-full-2",
					"value": 12.0,
					"type": "Percentage"
				},
				"nutrientLinks": [
					{
						"amount": [
							"922"
						],
						"description": "Energi",
						"unit": "Kilojoule"
					},
					{
						"amount": [
							"220"
						],
						"description": "Energi",
						"unit": "Kilokalori"
					},
					{
						"amount": [
							"18"
						],
						"description": "Fett",
						"unit": "Gram"
					},
					{
						"amount": [
							"1.3"
						],
						"description": "Varav mättat fett",
						"unit": "Gram"
					},
					{
						"amount": [
							"5.7"
						],
						"description": "Kolhydrat",
						"unit": "Gram"
					},
					{
						"amount": [
							"2.7"
						],
						"description": "Varav sockerarter",
						"unit": "Gram"
					},
					{
						"amount": [
							"5.1"
						],
						"description": "Fiber",
						"unit": "Gram"
					},
					{
						"amount": [
							"6.6"
						],
						"description": "Protein",
						"unit": "Gram"
					},
					{
						"amount": [
							"2.3"
						],
						"description": "Salt",
						"unit": "Gram"
					}
				],
				"animalFoodData": {},
				"allergyInfo": [
					{
						"code": "VEGAN"
					}
				],
				"fromSweden": false,
				"availableOnline": true,
				"countryOfOriginCodes": [
					{
						"code": "752",
						"value": "Sverige"
					}
				],
				"isMagazine": false,
				"nutrientBasis": {
					"quantity": 100.0
				},
				"pharmaceuticalData": {
					"isPharmaceutical": false
				},
				"nutrientInformation": [
					{
						"header": {
							"nutrientBasisQuantity": 100.0,
							"nutrientBasisQuantityType": "BY_MEASURE",
							"nutrientBasisQuantityUnit": {
								"code": "GRM",
								"value": "Gram"
							}
						}
					}
				],
				"sustainabilityInfoApplicable": true
			},
			{
				"id": "7350037197451",
				"type": "Product",
				"ean": "7350037197451",
				"name": "Marcus Burgare",
				"manufacturerName": "Peas of Heaven",
				"imageUrl": "http://res.cloudinary.com/coopsverige/image/upload/v1727656183/cloud/390357.tiff",
				"listOfIngredients": "Ingredienser: Rehydrerat ärtprotein (50%), vatten, rapsolja, vegetabiliskt fett (kokos, shea), förtjockningsmedel (methylcellulosa), arom, salt, citrusfibrer, färgämne (sockerkulör), rödbeta, svartpeppar, svamppulver.",
				"navCategories": [
					{
						"code": "33434",
						"name": "Vegetariska hamburgare",
						"superCategories": [
							{
								"code": "193841567",
								"name": "Fryst",
								"superCategories": [
									{
										"code": "39033900",
										"name": "Vegetariskt",
										"superCategories": []
									}
								]
							}
						]
					}
				],
				"consumerInformationText": [
					"Fryst"
				],
				"maxStorageTemperature": "-18",
				"packageSize": 360.0,
				"packageSizeInformation": "360 g",
				"packageSizeUnit": "Gram",
				"salesPrice": 61.95,
				"salesPriceData": {
					"b2cPrice": 61.95,
					"b2bPrice": 55.31
				},
				"piecePrice": 61.95,
				"piecePriceData": {
					"b2cPrice": 61.95,
					"b2bPrice": 55.31
				},
				"salesUnit": "Styck",
				"comparativePriceText": "kr/kg",
				"comparativePrice": 172.08,
				"comparativePriceData": {
					"b2cPrice": 172.08,
					"b2bPrice": 153.64
				},
				"articleSold": false,
				"deposit": 0.0,
				"depositData": {
					"b2cPrice": 0.0,
					"b2bPrice": 0.0
				},
				"vat": {
					"code": "vat-full-2",
					"value": 12.0,
					"type": "Percentage"
				},
				"nutrientLinks": [
					{
						"amount": [
							"1020"
						],
						"description": "Energi",
						"unit": "Kilojoule"
					},
					{
						"amount": [
							"240"
						],
						"description": "Energi",
						"unit": "Kilokalori"
					},
					{
						"amount": [
							"18"
						],
						"description": "Fett",
						"unit": "Gram"
					},
					{
						"amount": [
							"5.5"
						],
						"description": "Varav mättat fett",
						"unit": "Gram"
					},
					{
						"amount": [
							"3.3"
						],
						"description": "Kolhydrat",
						"unit": "Gram"
					},
					{
						"amount": [
							"1"
						],
						"description": "Varav sockerarter",
						"unit": "Gram"
					},
					{
						"amount": [
							"3.5"
						],
						"description": "Fiber",
						"unit": "Gram"
					},
					{
						"amount": [
							"15"
						],
						"description": "Protein",
						"unit": "Gram"
					},
					{
						"amount": [
							"1.5"
						],
						"description": "Salt",
						"unit": "Gram"
					}
				],
				"animalFoodData": {},
				"allergyInfo": [
					{
						"code": "VEGAN"
					}
				],
				"fromSweden": false,
				"availableOnline": true,
				"countryOfOriginCodes": [
					{
						"code": "752",
						"value": "Sverige"
					}
				],
				"isMagazine": false,
				"nutrientBasis": {
					"quantity": 100.0
				},
				"pharmaceuticalData": {
					"isPharmaceutical": false
				},
				"nutrientInformation": [
					{
						"header": {
							"nutrientBasisQuantity": 100.0,
							"nutrientBasisQuantityType": "BY_MEASURE",
							"nutrientBasisQuantityUnit": {
								"code": "GRM",
								"value": "Gram"
							}
						}
					}
				],
				"sustainabilityInfoApplicable": true
			},
			{
				"id": "8714100083352",
				"type": "Product",
				"ean": "8714100083352",
				"name": "Laktosfri Glass Vanilj",
				"manufacturerName": "Choice",
				"imageUrl": "http://res.cloudinary.com/coopsverige/image/upload/v1705062429/cloud/318715.tiff",
				"listOfIngredients": "Vatten, socker, glukossirap, glukos-fruktossirap, kokosfett, druvsocker, SOJAPULVER (2%), stabiliseringsmedel (fruktkärnmjöl, guarkärnmjöl, karragenan), arom, emulgeringsmedel (mono- och diglycerider av vegetabiliska fettsyror), salt, vaniljstångbitar, färgämne (karotener).",
				"navCategories": [
					{
						"code": "334580",
						"name": "Laktosfri glass",
						"superCategories": [
							{
								"code": "32820",
								"name": "Glass",
								"superCategories": [
									{
										"code": "24425",
										"name": "Godis, Glass & Snacks",
										"superCategories": []
									}
								]
							}
						]
					},
					{
						"code": "33054",
						"name": "Laktosfri glass",
						"superCategories": [
							{
								"code": "32988",
								"name": "Glass",
								"superCategories": [
									{
										"code": "25854",
										"name": "Frys",
										"superCategories": []
									}
								]
							}
						]
					},
					{
						"code": "33426",
						"name": "Glass",
						"superCategories": [
							{
								"code": "193841567",
								"name": "Fryst",
								"superCategories": [
									{
										"code": "39033900",
										"name": "Vegetariskt",
										"superCategories": []
									}
								]
							}
						]
					}
				],
				"consumerInformationText": [
					"Fryst"
				],
				"maxStorageTemperature": "-18",
				"packageSize": 750.0,
				"packageSizeInformation": "750ml",
				"packageSizeUnit": "Milliliter",
				"salesPrice": 34.95,
				"salesPriceData": {
					"b2cPrice": 34.95,
					"b2bPrice": 31.21
				},
				"piecePrice": 34.95,
				"piecePriceData": {
					"b2cPrice": 34.95,
					"b2bPrice": 31.21
				},
				"salesUnit": "Styck",
				"comparativePriceText": "kr/lit",
				"comparativePrice": 46.6,
				"comparativePriceData": {
					"b2cPrice": 46.6,
					"b2bPrice": 41.61
				},
				"articleSold": false,
				"deposit": 0.0,
				"depositData": {
					"b2cPrice": 0.0,
					"b2bPrice": 0.0
				},
				"vat": {
					"code": "vat-full-2",
					"value": 12.0,
					"type": "Percentage"
				},
				"nutrientLinks": [
					{
						"amount": [],
						"description": "TEMP_EFCBFBFFBAEFDE"
					},
					{
						"amount": [
							"389"
						],
						"description": "Energi",
						"unit": "Kilojoule",
						"percentageOfDailyIntake": "5"
					},
					{
						"amount": [
							"92"
						],
						"description": "Energi",
						"unit": "Kilokalori",
						"percentageOfDailyIntake": "5"
					},
					{
						"amount": [
							"3.1"
						],
						"description": "Fett",
						"unit": "Gram",
						"percentageOfDailyIntake": "4"
					},
					{
						"amount": [
							"2.6"
						],
						"description": "Varav mättat fett",
						"unit": "Gram",
						"percentageOfDailyIntake": "13"
					},
					{
						"amount": [
							"15"
						],
						"description": "Kolhydrat",
						"unit": "Gram",
						"percentageOfDailyIntake": "6"
					},
					{
						"amount": [
							"12"
						],
						"description": "Varav sockerarter",
						"unit": "Gram",
						"percentageOfDailyIntake": "13"
					},
					{
						"amount": [
							"0.54"
						],
						"description": "Protein",
						"unit": "Gram",
						"percentageOfDailyIntake": "1"
					},
					{
						"amount": [
							"0.11"
						],
						"description": "Salt",
						"unit": "Gram",
						"percentageOfDailyIntake": "2"
					}
				],
				"animalFoodData": {},
				"allergyInfo": [
					{
						"code": "VEGAN"
					}
				],
				"fromSweden": false,
				"availableOnline": true,
				"countryOfOriginCodes": [
					{
						"code": "440",
						"value": "Litauen"
					}
				],
				"nutritionalClaimData": {
					"nutritionalClaimTypeCode": {
						"code": "FREE_FROM",
						"value": "FREE_FROM"
					},
					"nutritionalClaimNutrientElementCode": {
						"code": "LACTOSE",
						"value": "LACTOSE"
					},
					"claimMarkedOnPackage": "TRUE|PIM_MULTIVALUE_SEPARATOR|TRUE"
				},
				"consumerInstructions": {
					"storageInstructions": "Förvaring vid -18ºC eller kallare. Bäst före utgången av: se förpackningens sida.",
					"usageInstructions": "Bäst före utgången av: se förpackningens sida"
				},
				"shortTradeItemMarketingMessage": {
					"seq1": "Sojavaniljglass"
				},
				"isMagazine": false,
				"nutrientBasis": {
					"quantity": 100.0
				},
				"pharmaceuticalData": {
					"isPharmaceutical": false
				},
				"nutrientInformation": [
					{
						"header": {
							"nutrientBasisQuantity": 100.0,
							"nutrientBasisQuantityType": "BY_MEASURE",
							"nutrientBasisQuantityUnit": {
								"code": "MLT",
								"value": "Milliliter"
							}
						}
					}
				],
				"sustainabilityInfoApplicable": true
			},
			{
				"id": "7350126086338",
				"type": "Product",
				"ean": "7350126086338",
				"name": "Vegofärs",
				"manufacturerName": "Anamma",
				"description": "Vegansk färs tillverkad i Sverige. Produkten är baserad på sojaprotein och är fri från gluten. Nyckelhålsmärkt.",
				"imageUrl": "http://res.cloudinary.com/coopsverige/image/upload/v1692365576/cloud/288040.tiff",
				"listOfIngredients": "Vatten, SOJAprotein (26 %), rapsolja, lök, salt, kryddor, äppelextrakt, naturlig arom.",
				"navCategories": [
					{
						"code": "33430",
						"name": "Vegetarisk färs",
						"superCategories": [
							{
								"code": "193841567",
								"name": "Fryst",
								"superCategories": [
									{
										"code": "39033900",
										"name": "Vegetariskt",
										"superCategories": []
									}
								]
							}
						]
					}
				],
				"accreditedTags": [
					{
						"code": "NYCKELHALET",
						"description": "Nyckelhålet",
						"imageUrl": "https://res.cloudinary.com/coopsverige/image/upload/v1618910221/cooponline/Labels%27/nyckelhal_RGB.png",
						"priority": 240
					}
				],
				"consumerInformationText": [
					"Fryst"
				],
				"maxStorageTemperature": "-18",
				"packageSize": 450.0,
				"packageSizeInformation": "450 g",
				"packageSizeUnit": "Gram",
				"salesPrice": 51.95,
				"salesPriceData": {
					"b2cPrice": 51.95,
					"b2bPrice": 46.38
				},
				"piecePrice": 51.95,
				"piecePriceData": {
					"b2cPrice": 51.95,
					"b2bPrice": 46.38
				},
				"salesUnit": "Styck",
				"comparativePriceText": "kr/kg",
				"comparativePrice": 115.44,
				"comparativePriceData": {
					"b2cPrice": 115.44,
					"b2bPrice": 103.07
				},
				"articleSold": false,
				"deposit": 0.0,
				"depositData": {
					"b2cPrice": 0.0,
					"b2bPrice": 0.0
				},
				"vat": {
					"code": "vat-full-2",
					"value": 12.0,
					"type": "Percentage"
				},
				"nutrientLinks": [
					{
						"amount": [
							"780"
						],
						"description": "Energi",
						"unit": "Kilojoule"
					},
					{
						"amount": [
							"186"
						],
						"description": "Energi",
						"unit": "Kilokalori"
					},
					{
						"amount": [
							"9.8"
						],
						"description": "Fett",
						"unit": "Gram"
					},
					{
						"amount": [
							"0.8"
						],
						"description": "Varav mättat fett",
						"unit": "Gram"
					},
					{
						"amount": [
							"4.6"
						],
						"description": "Kolhydrat",
						"unit": "Gram"
					},
					{
						"amount": [
							"1.1"
						],
						"description": "Varav sockerarter",
						"unit": "Gram"
					},
					{
						"amount": [
							"5.2"
						],
						"description": "Fiber",
						"unit": "Gram"
					},
					{
						"amount": [
							"17"
						],
						"description": "Protein",
						"unit": "Gram"
					},
					{
						"amount": [
							"0.73"
						],
						"description": "Salt",
						"unit": "Gram"
					}
				],
				"animalFoodData": {},
				"allergyInfo": [
					{
						"code": "VEGAN"
					}
				],
				"fromSweden": false,
				"availableOnline": true,
				"countryOfOriginCodes": [
					{
						"code": "752",
						"value": "Sverige"
					}
				],
				"nutritionalClaimData": {
					"nutritionalClaimTypeCode": {
						"code": "FREE_FROM",
						"value": "FREE_FROM"
					},
					"nutritionalClaimNutrientElementCode": {
						"code": "GLUTEN",
						"value": "GLUTEN"
					},
					"claimMarkedOnPackage": "TRUE"
				},
				"consumerInstructions": {
					"storageInstructions": "Djupfryst -18 °C eller lägre. Bör inte frysas efter upptining"
				},
				"preparationInstructions": "Tillagas från fryst. Stek i olja på medelhög värme ca 10 min tills färsen fått fin stekyta. Rör om någon gång under tillagningstiden. Kontrollera att produkten är genomvarm innan servering.",
				"preparationInstructionsList": [
					"Tillagas från fryst. Stek i olja på medelhög värme ca 10 min tills färsen fått fin stekyta. Rör om någon gång under tillagningstiden. Kontrollera att produkten är genomvarm innan servering."
				],
				"isMagazine": false,
				"nutrientBasis": {
					"quantity": 100.0
				},
				"pharmaceuticalData": {
					"isPharmaceutical": false
				},
				"nutrientInformation": [
					{
						"header": {
							"nutrientBasisQuantity": 100.0,
							"nutrientBasisQuantityType": "BY_MEASURE",
							"nutrientBasisQuantityUnit": {
								"code": "GRM",
								"value": "Gram"
							}
						}
					}
				],
				"regulatedProductName": "Vegansk sojafärs",
				"sustainabilityInfoApplicable": true
			},
			{
				"id": "7039010575911",
				"type": "Product",
				"ean": "7039010575911",
				"name": "Vegoburgare 2-pack",
				"manufacturerName": "Anamma",
				"description": "Anamma har tillsammans med Gustav 'Jävligt Gott' Johansson tagit fram dessa saftiga vegoburgare! De veganska burgarna är rika på protein från ärta, bondböna och certifierad soja från Europa. De passar perfekt på grillen och i stekpannan. \n\nAnamma står för riktigt god vegansk mat som lagas med omtanke för dig, djuren och miljön. Vegoburgarna har ca 95% mindre klimatpåverkan jämfört hamburgare gjorda på nötfärs. Läs mer om Anamma och hur de har räknat ut klimatpåverkan på anamma.eu",
				"imageUrl": "http://res.cloudinary.com/coopsverige/image/upload/v1631028724/cloud/233576.jpg",
				"listOfIngredients": "Vatten, vegetabilisk olja (kokos, raps), SOJA-, ärt- och bondböneprotein (15%), potatismjöl, lök, naturlig arom, morot, tomat, stabiliseringsmedel (metylcellulosa), färgämne (rödbetsrött, sockerkulör), salt, vitlök, kryddor (bl.a. paprika, muskot), svamp.",
				"navCategories": [
					{
						"code": "33434",
						"name": "Vegetariska hamburgare",
						"superCategories": [
							{
								"code": "193841567",
								"name": "Fryst",
								"superCategories": [
									{
										"code": "39033900",
										"name": "Vegetariskt",
										"superCategories": []
									}
								]
							}
						]
					}
				],
				"accreditedTags": [
					{
						"code": "FOREST_STEWARDSHIP_COUNCIL_MIX"
					}
				],
				"consumerInformationText": [
					"Fryst"
				],
				"maxStorageTemperature": "-18",
				"packageSize": 240.0,
				"packageSizeInformation": "240 g",
				"packageSizeUnit": "Gram",
				"salesPrice": 49.95,
				"salesPriceData": {
					"b2cPrice": 49.95,
					"b2bPrice": 44.6
				},
				"piecePrice": 49.95,
				"piecePriceData": {
					"b2cPrice": 49.95,
					"b2bPrice": 44.6
				},
				"salesUnit": "Styck",
				"comparativePriceText": "kr/kg",
				"comparativePrice": 208.13,
				"comparativePriceData": {
					"b2cPrice": 208.13,
					"b2bPrice": 185.83
				},
				"articleSold": false,
				"deposit": 0.0,
				"depositData": {
					"b2cPrice": 0.0,
					"b2bPrice": 0.0
				},
				"vat": {
					"code": "vat-full-2",
					"value": 12.0,
					"type": "Percentage"
				},
				"nutrientLinks": [
					{
						"amount": [
							"916"
						],
						"description": "Energi",
						"unit": "Kilojoule"
					},
					{
						"amount": [
							"219"
						],
						"description": "Energi",
						"unit": "Kilokalori"
					},
					{
						"amount": [
							"17"
						],
						"description": "Fett",
						"unit": "Gram"
					},
					{
						"amount": [
							"12"
						],
						"description": "Varav mättat fett",
						"unit": "Gram"
					},
					{
						"amount": [
							"4.6"
						],
						"description": "Kolhydrat",
						"unit": "Gram"
					},
					{
						"amount": [
							"1.2"
						],
						"description": "Varav sockerarter",
						"unit": "Gram"
					},
					{
						"amount": [
							"4.0"
						],
						"description": "Fiber",
						"unit": "Gram"
					},
					{
						"amount": [
							"11"
						],
						"description": "Protein",
						"unit": "Gram"
					},
					{
						"amount": [
							"1.2"
						],
						"description": "Salt",
						"unit": "Gram"
					}
				],
				"animalFoodData": {},
				"fromSweden": false,
				"availableOnline": true,
				"countryOfOriginCodes": [
					{
						"code": "578",
						"value": "Norge"
					}
				],
				"consumerInstructions": {
					"storageInstructions": "Djupfryst -18°C eller lägre. Bör inte frysas efter upptining."
				},
				"preparationInstructions": "Tillagas fryst i stekpanna, 12 min i olja på medelvärme. Vänd då och då under tillagningen. Burgaren går även utmärkt att grilla! Tillaga till en innertemperatur på 72⁰C.",
				"preparationInstructionsList": [
					"Tillagas fryst i stekpanna, 12 min i olja på medelvärme. Vänd då och då under tillagningen. Burgaren går även utmärkt att grilla! Tillaga till en innertemperatur på 72⁰C."
				],
				"isMagazine": false,
				"nutrientBasis": {
					"quantity": 100.0
				},
				"pharmaceuticalData": {
					"isPharmaceutical": false
				},
				"nutrientInformation": [
					{
						"header": {
							"nutrientBasisQuantity": 100.0,
							"nutrientBasisQuantityType": "BY_MEASURE",
							"nutrientBasisQuantityUnit": {
								"code": "GRM",
								"value": "Gram"
							}
						}
					}
				],
				"sustainabilityInfoApplicable": true
			},
			{
				"id": "7350124670188",
				"type": "Product",
				"ean": "7350124670188",
				"name": "Svenskodlad Vego Färs",
				"manufacturerName": "Svenska Färsodlarna",
				"description": "Vegansk färs gjord med hela baljväxter som odlas och skäördas av bönder i södra Sverige.",
				"imageUrl": "http://res.cloudinary.com/coopsverige/image/upload/v1708347952/cloud/328676.tiff",
				"listOfIngredients": "Kokta baljväxter 93% (SÖTLUPIN*, gråärt*. åkerböna*), rapspasta*, rapsolja*, salt. \n*Svenskt ursprung.",
				"navCategories": [
					{
						"code": "33430",
						"name": "Vegetarisk färs",
						"superCategories": [
							{
								"code": "193841567",
								"name": "Fryst",
								"superCategories": [
									{
										"code": "39033900",
										"name": "Vegetariskt",
										"superCategories": []
									}
								]
							}
						]
					}
				],
				"accreditedTags": [
					{
						"code": "NYCKELHALET",
						"description": "Nyckelhålet",
						"imageUrl": "https://res.cloudinary.com/coopsverige/image/upload/v1618910221/cooponline/Labels%27/nyckelhal_RGB.png",
						"priority": 240
					},
					{
						"code": "FRAN_SVERIGE",
						"description": "Svenskt ursprung",
						"imageUrl": "https://res.cloudinary.com/coopsverige/image/upload/v1545316510/cooponline/Labels'/40px/grafik-m-rkning-bild-stor-fr-n-sverige.png",
						"priority": 300
					}
				],
				"consumerInformationText": [
					"Fryst"
				],
				"maxStorageTemperature": "-18",
				"packageSize": 600.0,
				"packageSizeInformation": "600g",
				"packageSizeUnit": "Gram",
				"salesPrice": 66.95,
				"salesPriceData": {
					"b2cPrice": 66.95,
					"b2bPrice": 59.78
				},
				"piecePrice": 66.95,
				"piecePriceData": {
					"b2cPrice": 66.95,
					"b2bPrice": 59.78
				},
				"salesUnit": "Styck",
				"comparativePriceText": "kr/kg",
				"comparativePrice": 111.58,
				"comparativePriceData": {
					"b2cPrice": 111.58,
					"b2bPrice": 99.63
				},
				"articleSold": false,
				"deposit": 0.0,
				"depositData": {
					"b2cPrice": 0.0,
					"b2bPrice": 0.0
				},
				"vat": {
					"code": "vat-full-2",
					"value": 12.0,
					"type": "Percentage"
				},
				"nutrientLinks": [
					{
						"amount": [
							"762"
						],
						"description": "Energi",
						"unit": "Kilojoule"
					},
					{
						"amount": [
							"182"
						],
						"description": "Energi",
						"unit": "Kilokalori"
					},
					{
						"amount": [
							"5.9"
						],
						"description": "Fett",
						"unit": "Gram"
					},
					{
						"amount": [
							"0.6"
						],
						"description": "Varav mättat fett",
						"unit": "Gram"
					},
					{
						"amount": [
							"13.1"
						],
						"description": "Kolhydrat",
						"unit": "Gram"
					},
					{
						"amount": [
							"1.1"
						],
						"description": "Varav sockerarter",
						"unit": "Gram"
					},
					{
						"amount": [
							"11.6"
						],
						"description": "Fiber",
						"unit": "Gram"
					},
					{
						"amount": [
							"13.4"
						],
						"description": "Protein",
						"unit": "Gram"
					},
					{
						"amount": [
							"0.65"
						],
						"description": "Salt",
						"unit": "Gram"
					}
				],
				"animalFoodData": {},
				"allergyInfo": [
					{
						"code": "VEGAN"
					}
				],
				"fromSweden": true,
				"availableOnline": true,
				"countryOfOriginCodes": [
					{
						"code": "752",
						"value": "Sverige"
					}
				],
				"consumerInstructions": {
					"storageInstructions": "I frysutrymme (-18°C eller kallare). Ska inte frysas igen efter upptining. Tinad färs håller ca. ett dygn i kylen."
				},
				"preparationInstructions": "Stek den frysta färsen direkt med rikligt med olja på medelhög värme tills den blir gyllenbrun och doftar nötigt. Eller rosta den i ugnen på 200 grader i 8-10 min. \nVill du forma färsen? Låt ligga framme 1-2 h i rumstemperatur. Knäck sedan i ett ägg eller tillsätt aquafaba eller annat som binder.",
				"preparationInstructionsList": [
					"Stek den frysta färsen direkt med rikligt med olja på medelhög värme tills den blir gyllenbrun och doftar nötigt. Eller rosta den i ugnen på 200 grader i 8-10 min. \nVill du forma färsen? Låt ligga framme 1-2 h i rumstemperatur. Knäck sedan i ett ägg eller tillsätt aquafaba eller annat som binder."
				],
				"isMagazine": false,
				"nutrientBasis": {
					"quantity": 100.0
				},
				"pharmaceuticalData": {
					"isPharmaceutical": false
				},
				"nutrientInformation": [
					{
						"header": {
							"nutrientBasisQuantity": 100.0,
							"nutrientBasisQuantityType": "BY_MEASURE",
							"nutrientBasisQuantityUnit": {
								"code": "GRM",
								"value": "Gram"
							}
						}
					}
				],
				"sustainabilityInfoApplicable": true
			},
			{
				"id": "7350126086796",
				"type": "Product",
				"ean": "7350126086796",
				"name": "Baljväxtfärs",
				"manufacturerName": "Anamma",
				"description": "Formbar & grovmalen vegofärs gjord på svenskodlade linser, bönor & ärtor samt på protein från ärtor. Enkel att krydda och forma. Tillagad i Sverige.",
				"imageUrl": "http://res.cloudinary.com/coopsverige/image/upload/v1721365790/cloud/374097.tiff",
				"listOfIngredients": "Vatten, baljväxter (21 %) (gråärta, åkerböna, gula linser), ärtprotein, rapsolja, äppelextrakt, stabiliseringsmedel (metylcellulosa), salt, naturlig arom (innehåller lök, gummi arabicum). Kan innehålla spår av SOJA.",
				"navCategories": [
					{
						"code": "33430",
						"name": "Vegetarisk färs",
						"superCategories": [
							{
								"code": "193841567",
								"name": "Fryst",
								"superCategories": [
									{
										"code": "39033900",
										"name": "Vegetariskt",
										"superCategories": []
									}
								]
							}
						]
					}
				],
				"accreditedTags": [
					{
						"code": "NYCKELHALET",
						"description": "Nyckelhålet",
						"imageUrl": "https://res.cloudinary.com/coopsverige/image/upload/v1618910221/cooponline/Labels%27/nyckelhal_RGB.png",
						"priority": 240
					}
				],
				"consumerInformationText": [
					"Fryst"
				],
				"maxStorageTemperature": "-18",
				"packageSize": 500.0,
				"packageSizeInformation": "500 g",
				"packageSizeUnit": "Gram",
				"salesPrice": 61.95,
				"salesPriceData": {
					"b2cPrice": 61.95,
					"b2bPrice": 55.31
				},
				"piecePrice": 61.95,
				"piecePriceData": {
					"b2cPrice": 61.95,
					"b2bPrice": 55.31
				},
				"salesUnit": "Styck",
				"comparativePriceText": "kr/kg",
				"comparativePrice": 123.9,
				"comparativePriceData": {
					"b2cPrice": 123.9,
					"b2bPrice": 110.63
				},
				"articleSold": false,
				"deposit": 0.0,
				"depositData": {
					"b2cPrice": 0.0,
					"b2bPrice": 0.0
				},
				"vat": {
					"code": "vat-full-2",
					"value": 12.0,
					"type": "Percentage"
				},
				"nutrientLinks": [
					{
						"amount": [
							"712"
						],
						"description": "Energi",
						"unit": "Kilojoule",
						"percentageOfDailyIntake": "9"
					},
					{
						"amount": [
							"170"
						],
						"description": "Energi",
						"unit": "Kilokalori",
						"percentageOfDailyIntake": "9"
					},
					{
						"amount": [
							"7.0"
						],
						"description": "Fett",
						"unit": "Gram",
						"percentageOfDailyIntake": "10"
					},
					{
						"amount": [
							"0.6"
						],
						"description": "Varav mättat fett",
						"unit": "Gram",
						"percentageOfDailyIntake": "3"
					},
					{
						"amount": [
							"9.3"
						],
						"description": "Kolhydrat",
						"unit": "Gram",
						"percentageOfDailyIntake": "4"
					},
					{
						"amount": [
							"1.3"
						],
						"description": "Varav sockerarter",
						"unit": "Gram",
						"percentageOfDailyIntake": "1"
					},
					{
						"amount": [
							"4.7"
						],
						"description": "Fiber",
						"unit": "Gram"
					},
					{
						"amount": [
							"15"
						],
						"description": "Protein",
						"unit": "Gram",
						"percentageOfDailyIntake": "30"
					},
					{
						"amount": [
							"0.77"
						],
						"description": "Salt",
						"unit": "Gram",
						"percentageOfDailyIntake": "13"
					}
				],
				"animalFoodData": {},
				"allergyInfo": [
					{
						"code": "VEGAN"
					}
				],
				"fromSweden": false,
				"availableOnline": true,
				"countryOfOriginCodes": [
					{
						"code": "752",
						"value": "Sverige"
					}
				],
				"nutritionalClaimData": {
					"nutritionalClaimTypeCode": {
						"code": "FREE_FROM",
						"value": "FREE_FROM"
					},
					"nutritionalClaimNutrientElementCode": {
						"code": "GLUTEN",
						"value": "GLUTEN"
					},
					"claimMarkedOnPackage": "TRUE"
				},
				"consumerInstructions": {
					"storageInstructions": "Djupfryst -18 °C eller lägre. Bör inte frysas efter upptining"
				},
				"preparationInstructions": "Lätt att laga! Tina önskad mängd i rumstemperatur 30-60 min. (Upptining i mikrovågsugn rekommenderas inte.) Smaksätt som du vill! Testa att blanda in t.ex. kryddor och örter. Forma och stek i olja på medelhög värme tills produkten är ordentligt genomstekt. Tänk på att olika form på produkten kräver olika tillagningstid. Tips! Kan även användas precis som vanlig färs. Stek från fryst, 14 min i olja på medelhög värme.",
				"preparationInstructionsList": [
					"Lätt att laga! Tina önskad mängd i rumstemperatur 30-60 min. (Upptining i mikrovågsugn rekommenderas inte.) Smaksätt som du vill! Testa att blanda in t.ex. kryddor och örter. Forma och stek i olja på medelhög värme tills produkten är ordentligt genomstekt. Tänk på att olika form på produkten kräver olika tillagningstid. Tips! Kan även användas precis som vanlig färs. Stek från fryst, 14 min i olja på medelhög värme."
				],
				"isMagazine": false,
				"nutrientBasis": {
					"quantity": 100.0
				},
				"pharmaceuticalData": {
					"isPharmaceutical": false
				},
				"nutrientInformation": [
					{
						"header": {
							"nutrientBasisQuantity": 100.0,
							"nutrientBasisQuantityType": "BY_MEASURE",
							"nutrientBasisQuantityUnit": {
								"code": "GRM",
								"value": "Gram"
							}
						}
					}
				],
				"regulatedProductName": "Vegansk färs av gråärta, åkerböna, gula linser och ärtprotein",
				"sustainabilityInfoApplicable": true
			},
			{
				"id": "8711327484849",
				"type": "Product",
				"ean": "8711327484849",
				"name": "Laktosfri Glass Heavenly Chocolate",
				"manufacturerName": "Choice",
				"description": "Himmelskt god chokladglass gjord på soja. Självklart mjölkfri, laktosfri och vegansk.",
				"imageUrl": "http://res.cloudinary.com/coopsverige/image/upload/v1708348063/cloud/328685.tiff",
				"listOfIngredients": "Ingredienser: Vatten, glukossirap, socker, glukos-fruktossirap, kokosfett, fettreducerat kakaopulver (2,5%), fruktsocker, SOJAPULVER (2%), stabiliseringsmedel (guarkärnmjöl, fruktkärnmjöl, karragenan), emulgeringsmedel (mono- och diglycerider av vegetabiliska fettsyror), salt.",
				"navCategories": [
					{
						"code": "334580",
						"name": "Laktosfri glass",
						"superCategories": [
							{
								"code": "32820",
								"name": "Glass",
								"superCategories": [
									{
										"code": "24425",
										"name": "Godis, Glass & Snacks",
										"superCategories": []
									}
								]
							}
						]
					},
					{
						"code": "33054",
						"name": "Laktosfri glass",
						"superCategories": [
							{
								"code": "32988",
								"name": "Glass",
								"superCategories": [
									{
										"code": "25854",
										"name": "Frys",
										"superCategories": []
									}
								]
							}
						]
					},
					{
						"code": "33426",
						"name": "Glass",
						"superCategories": [
							{
								"code": "193841567",
								"name": "Fryst",
								"superCategories": [
									{
										"code": "39033900",
										"name": "Vegetariskt",
										"superCategories": []
									}
								]
							}
						]
					}
				],
				"consumerInformationText": [
					"Fryst"
				],
				"maxStorageTemperature": "-18",
				"packageSize": 750.0,
				"packageSizeInformation": "750 ML",
				"packageSizeUnit": "Milliliter",
				"salesPrice": 34.95,
				"salesPriceData": {
					"b2cPrice": 34.95,
					"b2bPrice": 31.21
				},
				"piecePrice": 34.95,
				"piecePriceData": {
					"b2cPrice": 34.95,
					"b2bPrice": 31.21
				},
				"salesUnit": "Styck",
				"comparativePriceText": "kr/lit",
				"comparativePrice": 46.6,
				"comparativePriceData": {
					"b2cPrice": 46.6,
					"b2bPrice": 41.61
				},
				"articleSold": false,
				"deposit": 0.0,
				"depositData": {
					"b2cPrice": 0.0,
					"b2bPrice": 0.0
				},
				"vat": {
					"code": "vat-full-2",
					"value": 12.0,
					"type": "Percentage"
				},
				"nutrientLinks": [
					{
						"amount": [
							"377"
						],
						"description": "Energi",
						"unit": "Kilojoule",
						"percentageOfDailyIntake": "5"
					},
					{
						"amount": [
							"90"
						],
						"description": "Energi",
						"unit": "Kilokalori",
						"percentageOfDailyIntake": "5"
					},
					{
						"amount": [
							"3.2"
						],
						"description": "Fett",
						"unit": "Gram",
						"percentageOfDailyIntake": "5"
					},
					{
						"amount": [
							"2.7"
						],
						"description": "Varav mättat fett",
						"unit": "Gram",
						"percentageOfDailyIntake": "14"
					},
					{
						"amount": [
							"14"
						],
						"description": "Kolhydrat",
						"unit": "Gram",
						"percentageOfDailyIntake": "5"
					},
					{
						"amount": [
							"8.4"
						],
						"description": "Varav sockerarter",
						"unit": "Gram",
						"percentageOfDailyIntake": "9"
					},
					{
						"amount": [
							"0.8"
						],
						"description": "Protein",
						"unit": "Gram",
						"percentageOfDailyIntake": "2"
					},
					{
						"amount": [
							"0.16"
						],
						"description": "Salt",
						"unit": "Gram",
						"percentageOfDailyIntake": "3"
					}
				],
				"animalFoodData": {},
				"allergyInfo": [
					{
						"code": "VEGAN"
					}
				],
				"fromSweden": false,
				"availableOnline": true,
				"countryOfOriginCodes": [
					{
						"code": "440",
						"value": "Litauen"
					}
				],
				"nutritionalClaimData": {
					"nutritionalClaimTypeCode": {
						"code": "FREE_FROM",
						"value": "FREE_FROM"
					},
					"nutritionalClaimNutrientElementCode": {
						"code": "LACTOSE",
						"value": "LACTOSE"
					},
					"claimMarkedOnPackage": "TRUE|PIM_MULTIVALUE_SEPARATOR|TRUE"
				},
				"consumerInstructions": {
					"storageInstructions": "Förvaras vid -18°C"
				},
				"isMagazine": false,
				"nutrientBasis": {
					"quantity": 100.0
				},
				"pharmaceuticalData": {
					"isPharmaceutical": false
				},
				"nutrientInformation": [
					{
						"header": {
							"nutrientBasisQuantity": 100.0,
							"nutrientBasisQuantityType": "BY_MEASURE",
							"nutrientBasisQuantityUnit": {
								"code": "MLT",
								"value": "Milliliter"
							}
						}
					}
				],
				"regulatedProductName": "Kakaosojaglass.",
				"sustainabilityInfoApplicable": true
			},
			{
				"id": "8714100079249",
				"type": "Product",
				"ean": "8714100079249",
				"name": "Laktosfri Glass Jordgubb",
				"manufacturerName": "Choice",
				"description": "En fräsch sojaglass med underbar jordgubbssmak och fräsch jordgubbsylt. Refreshing Strawberry är en mjölk- och laktosfri glass baserad på sojabönor och därmed 100% vegansk. Choice lämpar sig för mjölkallergiker, laktosintoleranta, veganer samt människor som vill äta god glass, men som av ett eller annat skäl inte kan eller vill äta vanlig glass. Oavsett hur du njuter av din glass, ensam eller tillsammans med någon, på finfint fat eller direkt ur förpackningen, vill vi att du ska känna att GB Glace har världens godaste glass.\n\n\nVåra grundare hade visionen att sprida glädje genom härlig och välsmakande glass vars magi för oss samman och smälter bort hindren mellan människor. I vårt sortiment finns en glass för alla.\n\nGB Glace grundades redan 1942. Vårt mål är att erbjuda god glass av bra kvalitet till dig samtidigt som vi vill att våra produkter ska överträffa dina förväntningar varje gång. Glassfabriken och vårt hjärta finns i Flen och där producerar vi varje år både omtyckta klassiker såväl som nyheter med omsorgsfullt utvalda ingredienser och omtanke om miljön. Vi vill se till att det finns en glass för alla och hoppas att du kan hitta mer än en favorit bland de glassar som vi erbjuder! GB Glace – glass, glädje och gemenskap sedan 1942.",
				"imageUrl": "http://res.cloudinary.com/coopsverige/image/upload/v1705060069/cloud/318678.tiff",
				"listOfIngredients": "Vatten, socker, jordgubbar (11%), glukos-fruktossirap, glukossirap, kokosfett, druvsocker, SOJAPULVER (1,5%), stabiliseringsmedel (pektin, fruktkärnmjöl, guarkärnmjöl, karragenan), emulgeringsmedel (mono- och diglycerider av vegetabiliska fettsyror), aromer, salt, surhetsreglerande medel (citronsyra), färgämnen (antocyaner), rödbetsjuicekoncentrat, konserveringsmedel (kaliumsorbat).",
				"navCategories": [
					{
						"code": "334580",
						"name": "Laktosfri glass",
						"superCategories": [
							{
								"code": "32820",
								"name": "Glass",
								"superCategories": [
									{
										"code": "24425",
										"name": "Godis, Glass & Snacks",
										"superCategories": []
									}
								]
							}
						]
					},
					{
						"code": "33054",
						"name": "Laktosfri glass",
						"superCategories": [
							{
								"code": "32988",
								"name": "Glass",
								"superCategories": [
									{
										"code": "25854",
										"name": "Frys",
										"superCategories": []
									}
								]
							}
						]
					},
					{
						"code": "33426",
						"name": "Glass",
						"superCategories": [
							{
								"code": "193841567",
								"name": "Fryst",
								"superCategories": [
									{
										"code": "39033900",
										"name": "Vegetariskt",
										"superCategories": []
									}
								]
							}
						]
					}
				],
				"consumerInformationText": [
					"Fryst"
				],
				"maxStorageTemperature": "-18",
				"packageSize": 750.0,
				"packageSizeInformation": "750 ml",
				"packageSizeUnit": "Milliliter",
				"salesPrice": 34.95,
				"salesPriceData": {
					"b2cPrice": 34.95,
					"b2bPrice": 31.21
				},
				"piecePrice": 34.95,
				"piecePriceData": {
					"b2cPrice": 34.95,
					"b2bPrice": 31.21
				},
				"salesUnit": "Styck",
				"comparativePriceText": "kr/lit",
				"comparativePrice": 46.6,
				"comparativePriceData": {
					"b2cPrice": 46.6,
					"b2bPrice": 41.61
				},
				"articleSold": false,
				"deposit": 0.0,
				"depositData": {
					"b2cPrice": 0.0,
					"b2bPrice": 0.0
				},
				"vat": {
					"code": "vat-full-2",
					"value": 12.0,
					"type": "Percentage"
				},
				"nutrientLinks": [
					{
						"amount": [
							"110"
						],
						"description": "Energi",
						"unit": "Kilokalori",
						"percentageOfDailyIntake": "6"
					},
					{
						"amount": [
							"464"
						],
						"description": "Energi",
						"unit": "Kilojoule",
						"percentageOfDailyIntake": "6"
					},
					{
						"amount": [
							"2.7"
						],
						"description": "Fett",
						"unit": "Gram",
						"percentageOfDailyIntake": "4"
					},
					{
						"amount": [
							"2.3"
						],
						"description": "Varav mättat fett",
						"unit": "Gram",
						"percentageOfDailyIntake": "12"
					},
					{
						"amount": [
							"21"
						],
						"description": "Kolhydrat",
						"unit": "Gram",
						"percentageOfDailyIntake": "8"
					},
					{
						"amount": [
							"17"
						],
						"description": "Varav sockerarter",
						"unit": "Gram",
						"percentageOfDailyIntake": "19"
					},
					{
						"amount": [
							"0.5"
						],
						"description": "Protein",
						"unit": "Gram",
						"percentageOfDailyIntake": "1"
					},
					{
						"amount": [
							"0.10"
						],
						"description": "Salt",
						"unit": "Gram",
						"percentageOfDailyIntake": "2"
					}
				],
				"animalFoodData": {},
				"allergyInfo": [
					{
						"code": "VEGAN"
					}
				],
				"fromSweden": false,
				"availableOnline": true,
				"countryOfOriginCodes": [
					{
						"code": "440",
						"value": "Litauen"
					}
				],
				"nutritionalClaimData": {
					"nutritionalClaimTypeCode": {
						"code": "FREE_FROM",
						"value": "FREE_FROM"
					},
					"nutritionalClaimNutrientElementCode": {
						"code": "LACTOSE",
						"value": "LACTOSE"
					},
					"claimMarkedOnPackage": "TRUE|PIM_MULTIVALUE_SEPARATOR|TRUE"
				},
				"consumerInstructions": {
					"storageInstructions": "Förvaring vid -18ºC eller kallare. Bäst före utgången av: se förpackningens sida.",
					"usageInstructions": "--"
				},
				"shortTradeItemMarketingMessage": {
					"seq1": "Fräsch sojaglass med underbar jordgubbssmak och fräsch jordgubbsylt."
				},
				"isMagazine": false,
				"nutrientBasis": {
					"quantity": 100.0
				},
				"pharmaceuticalData": {
					"isPharmaceutical": false
				},
				"nutrientInformation": [
					{
						"header": {
							"nutrientBasisQuantity": 100.0,
							"nutrientBasisQuantityType": "BY_MEASURE",
							"nutrientBasisQuantityUnit": {
								"code": "MLT",
								"value": "Milliliter"
							}
						}
					}
				],
				"sustainabilityInfoApplicable": true
			}
		]
	}
}