{
	"results": {
		"count": 61,
		"facets": [
			{
				"name": "brand",
				"items": [
					{
						"item": "Coop",
						"count": 12,
						"selected": false
					},
					{
						"item": "Yipin",
						"count": 8,
						"selected": false
					},
					{
						"item": "Violife",
						"count": 7,
						"selected": false
					},
					{
						"item": "Pärsons",
						"count": 3,
						"selected": false
					},
					{
						"item": "Peas of Heaven",
						"count": 3,
						"selected": false
					},
					{
						"item": "Änglamark",
						"count": 2,
						"selected": false
					},
					{
						"item": "The Plant",
						"count": 2,
						"selected": false
					},
					{
						"item": "Tartex",
						"count": 2,
						"selected": false
					},
					{
						"item": "Scan",
						"count": 2,
						"selected": false
					},
					{
						"item": "Oatly",
						"count": 2,
						"selected": false
					},
					{
						"item": "Oddlygood®",
						"count": 2,
						"selected": false
					},
					{
						"item": "Xtra",
						"count": 1,
						"selected": false
					},
					{
						"item": "Windau",
						"count": 1,
						"selected": false
					},
					{
						"item": "Sevan",
						"count": 1,
						"selected": false
					},
					{
						"item": "Schysst käk",
						"count": 1,
						"selected": false
					},
					{
						"item": "Pastejköket",
						"count": 1,
						"selected": false
					},
					{
						"item": "Nurishh",
						"count": 1,
						"selected": false
					},
					{
						"item": "Mini Babybel",
						"count": 1,
						"selected": false
					},
					{
						"item": "Mantorpsköket",
						"count": 1,
						"selected": false
					},
					{
						"item": "Kalles Kaviar",
						"count": 1,
						"selected": false
					},
					{
						"item": "Greenvie",
						"count": 1,
						"selected": false
					},
					{
						"item": "Gooh",
						"count": 1,
						"selected": false
					},
					{
						"item": "FISKERIET",
						"count": 1,
						"selected": false
					},
					{
						"item": "Edgy Veggie",
						"count": 1,
						"selected": false
					},
					{
						"item": "da Carla",
						"count": 1,
						"selected": false
					},
					{
						"item": "Philadelphia",
						"count": 1,
						"selected": false
					},
					{
						"item": "Astrid & Aporna",
						"count": 1,
						"selected": false
					}
				]
			},
			{
				"name": "environmentalLabels",
				"items": [
					{
						"item": "Nyckelhålet",
						"count": 9,
						"selected": false
					},
					{
						"item": "Ekologiskt",
						"count": 7,
						"selected": false
					},
					{
						"item": "Svenskt ursprung",
						"count": 5,
						"selected": false
					},
					{
						"item": "KRAV",
						"count": 3,
						"selected": false
					}
				]
			}
		],
		"items": [
			{
				"id": "7300156587930",
				"type": "Product",
				"ean": "7300156587930",
				"name": "Bearnaise Vegan",
				"manufacturerName": "Coop",
				"imageUrl": "http://res.cloudinary.com/coopsverige/image/upload/v1587040909/398482.tiff",
				"listOfIngredients": "INGREDIENSER: Rapsolja, vatten, vinäger, dragon 1%,\nsalt, ärtprotein, socker, vitpeppar, persilja, lökpulver,\nchili, arom, konserveringsmedel (E 202), förtjockningsmedel\n(E 415), färgämne (E 160a).",
				"navCategories": [
					{
						"code": "334624",
						"name": "Färdig sås",
						"superCategories": [
							{
								"code": "32884",
								"name": "Såser & Kryddsmör",
								"superCategories": [
									{
										"code": "24420",
										"name": "Kryddor & Smaksättare",
										"superCategories": []
									}
								]
							}
						]
					},
					{
						"code": "33437",
						"name": "Måltidstillbehör",
						"superCategories": [
							{
								"code": "39047203",
								"name": "Färskt",
								"superCategories": [
									{
										"code": "39033900",
										"name": "Vegetariskt",
										"superCategories": []
									}
								]
							}
						]
					}
				],
				"maxStorageTemperature": "8",
				"packageSize": 200.0,
				"packageSizeInformation": "200 g",
				"packageSizeUnit": "Gram",
				"salesPrice": 20.95,
				"salesPriceData": {
					"b2cPrice": 20.95,
					"b2bPrice": 18.71
				},
				"piecePrice": 20.95,
				"piecePriceData": {
					"b2cPrice": 20.95,
					"b2bPrice": 18.71
				},
				"salesUnit": "Styck",
				"comparativePriceText": "kr/kg",
				"comparativePrice": 104.75,
				"comparativePriceData": {
					"b2cPrice": 104.75,
					"b2bPrice": 93.53
				},
				"articleSold": false,
				"deposit": 0.0,
				"depositData": {
					"b2cPrice": 0.0,
					"b2bPrice": 0.0
				},
				"vat": {
					"code": "vat-full-2",
					"value": 12.0,
					"type": "Percentage"
				},
				"nutrientLinks": [
					{
						"amount": [
							"2321"
						],
						"description": "Energi",
						"unit": "Kilojoule"
					},
					{
						"amount": [
							"555"
						],
						"description": "Energi",
						"unit": "Kilokalori"
					},
					{
						"amount": [
							"61"
						],
						"description": "Fett",
						"unit": "Gram"
					},
					{
						"amount": [
							"4.3"
						],
						"description": "Varav mättat fett",
						"unit": "Gram"
					},
					{
						"amount": [
							"0.8"
						],
						"description": "Kolhydrat",
						"unit": "Gram"
					},
					{
						"amount": [
							"0.5"
						],
						"description": "Varav sockerarter",
						"unit": "Gram"
					},
					{
						"amount": [
							"0.7"
						],
						"description": "Protein",
						"unit": "Gram"
					},
					{
						"amount": [
							"1.0"
						],
						"description": "Salt",
						"unit": "Gram"
					}
				],
				"animalFoodData": {},
				"fromSweden": false,
				"availableOnline": true,
				"countryOfOriginCodes": [
					{
						"code": "752",
						"value": "Sverige"
					}
				],
				"isMagazine": false,
				"nutrientBasis": {
					"quantity": 100.0
				},
				"pharmaceuticalData": {
					"isPharmaceutical": false
				},
				"nutrientInformation": [
					{
						"header": {
							"nutrientBasisQuantity": 100.0,
							"nutrientBasisQuantityType": "BY_MEASURE",
							"nutrientBasisQuantityUnit": {
								"code": "GRM",
								"value": "Gram"
							}
						}
					}
				],
				"sustainabilityInfo": [
					{
						"productScore": [
							{
								"score": 3.0,
								"param": "Biologisk mångfald",
								"paramId": "biodiversity"
							},
							{
								"score": 1.5,
								"param": "Klimat",
								"paramId": "climate"
							},
							{
								"score": 1.5,
								"param": "Bördighet",
								"paramId": "soil_fertility"
							},
							{
								"score": 1.5,
								"param": "Vatten",
								"paramId": "water"
							},
							{
								"score": 2.0,
								"param": "Bekämpningsmedel",
								"paramId": "pesticides"
							},
							{
								"score": 2.5,
								"param": "Övergödning",
								"paramId": "eutrophication"
							},
							{
								"score": null,
								"param": "Djuromsorg och antibiotika",
								"paramId": "animal_welfare_antibiotics"
							},
							{
								"score": 1.5,
								"param": "Arbetsförhållanden",
								"paramId": "working_conditions"
							},
							{
								"score": 1.5,
								"param": "Lokalbefolkning",
								"paramId": "local_population"
							},
							{
								"score": 1.5,
								"param": "Lagefterlevnad och spårbarhet",
								"paramId": "compliance_traceability"
							}
						]
					}
				],
				"sustainabilityInfoApplicable": true
			},
			{
				"id": "5202390021640",
				"type": "Product",
				"ean": "5202390021640",
				"name": "Block Epic Mature Cheddar Vegan",
				"manufacturerName": "Violife",
				"description": "Violife Epic Mature Cheddar Flavour Block är ett veganskt alternativ till ost baserad på kokosolja, perfekt på mackan, på ostbrickan eller riven på pizza och gratänger. Smälter utmärkt och har en god, lagrad smak. 100% vegansk och fri från mjölk, laktos, soja, gluten, nötter & konstgjorda konserveringsmedel.",
				"imageUrl": "http://res.cloudinary.com/coopsverige/image/upload/v1708938318/cloud/330689.tiff",
				"listOfIngredients": "Ingredienser: vatten, kokosolja (24%), modifierad stärkelse, stärkelse, havssalt, aromer, linsprotein, rönnbärsextrakt, surhetsreglerandemedel (mjölksyra, citronsyra), socker, olivextrakt, färgämne (betakaroten), vitamin b12.",
				"navCategories": [
					{
						"code": "334606",
						"name": "Övrig vegetariskt",
						"superCategories": [
							{
								"code": "156564441",
								"name": "Vegetariskt",
								"superCategories": [
									{
										"code": "5377683",
										"name": "Färdigmat & Mellanmål",
										"superCategories": []
									}
								]
							}
						]
					},
					{
						"code": "33439",
						"name": "Pålägg",
						"superCategories": [
							{
								"code": "39047203",
								"name": "Färskt",
								"superCategories": [
									{
										"code": "39033900",
										"name": "Vegetariskt",
										"superCategories": []
									}
								]
							}
						]
					}
				],
				"accreditedTags": [
					{
						"code": "VEGAN_SOCIETY_VEGAN_LOGO"
					}
				],
				"maxStorageTemperature": "8",
				"packageSize": 200.0,
				"packageSizeInformation": "200g",
				"packageSizeUnit": "Gram",
				"salesPrice": 36.95,
				"salesPriceData": {
					"b2cPrice": 36.95,
					"b2bPrice": 32.99
				},
				"piecePrice": 36.95,
				"piecePriceData": {
					"b2cPrice": 36.95,
					"b2bPrice": 32.99
				},
				"salesUnit": "Styck",
				"comparativePriceText": "kr/kg",
				"comparativePrice": 184.75,
				"comparativePriceData": {
					"b2cPrice": 184.75,
					"b2bPrice": 164.96
				},
				"articleSold": false,
				"deposit": 0.0,
				"depositData": {
					"b2cPrice": 0.0,
					"b2bPrice": 0.0
				},
				"vat": {
					"code": "vat-full-2",
					"value": 12.0,
					"type": "Percentage"
				},
				"nutrientLinks": [
					{
						"amount": [
							"307"
						],
						"description": "Energi",
						"unit": "Kilokalori"
					},
					{
						"amount": [
							"1275"
						],
						"description": "Energi",
						"unit": "Kilojoule"
					},
					{
						"amount": [
							"24"
						],
						"description": "Fett",
						"unit": "Gram"
					},
					{
						"amount": [
							"21"
						],
						"description": "Varav mättat fett",
						"unit": "Gram"
					},
					{
						"amount": [
							"21"
						],
						"description": "Kolhydrat",
						"unit": "Gram"
					},
					{
						"amount": [
							"0.1"
						],
						"description": "Varav sockerarter",
						"unit": "Gram"
					},
					{
						"amount": [
							"1.3"
						],
						"description": "Protein",
						"unit": "Gram"
					},
					{
						"amount": [
							"2.2"
						],
						"description": "Salt",
						"unit": "Gram"
					},
					{
						"amount": [
							"2.5"
						],
						"description": "Vitamin B12",
						"unit": "Mikrogram",
						"percentageOfDailyIntake": "100"
					}
				],
				"animalFoodData": {},
				"fromSweden": false,
				"availableOnline": true,
				"countryOfOriginCodes": [
					{
						"code": "300",
						"value": "Grekland"
					}
				],
				"nutritionalClaimData": {
					"nutritionalClaimTypeCode": {
						"code": "FREE_FROM",
						"value": "FREE_FROM"
					},
					"nutritionalClaimNutrientElementCode": {
						"code": "GLUTEN",
						"value": "GLUTEN"
					},
					"claimMarkedOnPackage": "TRUE|PIM_MULTIVALUE_SEPARATOR|TRUE|PIM_MULTIVALUE_SEPARATOR|TRUE"
				},
				"consumerInstructions": {
					"storageInstructions": "Förvaring +2°C - +8°C",
					"usageInstructions": "Förvaras kylt (2-8°C). Öppnad förpackning förvaras i kylskåp i upp till 7 dagar."
				},
				"isMagazine": false,
				"nutrientBasis": {
					"quantity": 100.0
				},
				"pharmaceuticalData": {
					"isPharmaceutical": false
				},
				"nutrientInformation": [
					{
						"header": {
							"nutrientBasisQuantity": 100.0,
							"nutrientBasisQuantityType": "BY_MEASURE",
							"nutrientBasisQuantityUnit": {
								"code": "GRM",
								"value": "Gram"
							}
						}
					}
				],
				"sustainabilityInfo": [
					{
						"productScore": [
							{
								"score": 5.0,
								"param": "Biologisk mångfald",
								"paramId": "biodiversity"
							},
							{
								"score": 3.0,
								"param": "Klimat",
								"paramId": "climate"
							},
							{
								"score": 4.0,
								"param": "Bördighet",
								"paramId": "soil_fertility"
							},
							{
								"score": 4.0,
								"param": "Vatten",
								"paramId": "water"
							},
							{
								"score": 4.0,
								"param": "Bekämpningsmedel",
								"paramId": "pesticides"
							},
							{
								"score": 3.0,
								"param": "Övergödning",
								"paramId": "eutrophication"
							},
							{
								"score": null,
								"param": "Djuromsorg och antibiotika",
								"paramId": "animal_welfare_antibiotics"
							},
							{
								"score": 2.5,
								"param": "Arbetsförhållanden",
								"paramId": "working_conditions"
							},
							{
								"score": 4.0,
								"param": "Lokalbefolkning",
								"paramId": "local_population"
							},
							{
								"score": 3.5,
								"param": "Lagefterlevnad och spårbarhet",
								"paramId": "compliance_traceability"
							}
						]
					}
				],
				"sustainabilityInfoApplicable": true
			},
			{
				"id": "5202390017599",
				"type": "Product",
				"ean": "5202390017599",
				"name": "Block Mature Cheddar Vegan",
				"manufacturerName": "Violife",
				"description": "Violife Mature Cheddar Flavour 400g är ett mjölkfritt, växtbaserat alternativ till ost men smak av mogen Cheddar. Passar lika bra att hyvla till frukostmackan, som att riva och strö på pastan. Blocket smälter perfekt och är 100% växtbaserat och även fri från nötter, soja, gluten och konstgjorda konserveringsmedel.",
				"imageUrl": "http://res.cloudinary.com/coopsverige/image/upload/v1710761118/cloud/337226.tiff",
				"listOfIngredients": "Ingredienser: vatten, kokosolja (21%), stärkelse, modifierad stärkelse, havssalt, aromer, rönnbärsextrakt, surhetsreglerande medel (citronsyra), färgämne (betakaroten), olivextrakt, vitamin b12.",
				"navCategories": [
					{
						"code": "334640",
						"name": "Mjölkfri påläggsost",
						"superCategories": [
							{
								"code": "6335",
								"name": "Påläggsost",
								"superCategories": [
									{
										"code": "6327",
										"name": "Ost",
										"superCategories": []
									}
								]
							}
						]
					},
					{
						"code": "33439",
						"name": "Pålägg",
						"superCategories": [
							{
								"code": "39047203",
								"name": "Färskt",
								"superCategories": [
									{
										"code": "39033900",
										"name": "Vegetariskt",
										"superCategories": []
									}
								]
							}
						]
					}
				],
				"accreditedTags": [
					{
						"code": "VEGAN_SOCIETY_VEGAN_LOGO"
					}
				],
				"maxStorageTemperature": "8",
				"packageSize": 400.0,
				"packageSizeInformation": "400g",
				"packageSizeUnit": "Gram",
				"salesPrice": 49.95,
				"salesPriceData": {
					"b2cPrice": 49.95,
					"b2bPrice": 44.6
				},
				"piecePrice": 49.95,
				"piecePriceData": {
					"b2cPrice": 49.95,
					"b2bPrice": 44.6
				},
				"salesUnit": "Styck",
				"comparativePriceText": "kr/kg",
				"comparativePrice": 124.88,
				"comparativePriceData": {
					"b2cPrice": 124.88,
					"b2bPrice": 111.5
				},
				"articleSold": false,
				"deposit": 0.0,
				"depositData": {
					"b2cPrice": 0.0,
					"b2bPrice": 0.0
				},
				"vat": {
					"code": "vat-full-2",
					"value": 12.0,
					"type": "Percentage"
				},
				"nutrientLinks": [
					{
						"amount": [
							"1174"
						],
						"description": "Energi",
						"unit": "Kilojoule"
					},
					{
						"amount": [
							"282"
						],
						"description": "Energi",
						"unit": "Kilokalori"
					},
					{
						"amount": [
							"21"
						],
						"description": "Fett",
						"unit": "Gram"
					},
					{
						"amount": [
							"18"
						],
						"description": "Varav mättat fett",
						"unit": "Gram"
					},
					{
						"amount": [
							"23"
						],
						"description": "Kolhydrat",
						"unit": "Gram"
					},
					{
						"amount": [
							"0"
						],
						"description": "Varav sockerarter",
						"unit": "Gram"
					},
					{
						"amount": [
							"0.2"
						],
						"description": "Protein",
						"unit": "Gram"
					},
					{
						"amount": [
							"2.2"
						],
						"description": "Salt",
						"unit": "Gram"
					},
					{
						"amount": [
							"2.5"
						],
						"description": "Vitamin B12",
						"unit": "Mikrogram",
						"percentageOfDailyIntake": "100"
					}
				],
				"animalFoodData": {},
				"fromSweden": false,
				"availableOnline": true,
				"countryOfOriginCodes": [
					{
						"code": "300",
						"value": "Grekland"
					}
				],
				"nutritionalClaimData": {
					"nutritionalClaimTypeCode": {
						"code": "FREE_FROM",
						"value": "FREE_FROM"
					},
					"nutritionalClaimNutrientElementCode": {
						"code": "GLUTEN",
						"value": "GLUTEN"
					},
					"claimMarkedOnPackage": "TRUE|PIM_MULTIVALUE_SEPARATOR|TRUE|PIM_MULTIVALUE_SEPARATOR|TRUE|PIM_MULTIVALUE_SEPARATOR|TRUE"
				},
				"consumerInstructions": {
					"storageInstructions": "Förvaring +2°C - +8°C",
					"usageInstructions": "Kan rivas, hyvlas och skäras"
				},
				"isMagazine": false,
				"nutrientBasis": {
					"quantity": 100.0
				},
				"pharmaceuticalData": {
					"isPharmaceutical": false
				},
				"nutrientInformation": [
					{
						"header": {
							"nutrientBasisQuantity": 100.0,
							"nutrientBasisQuantityType": "BY_MEASURE",
							"nutrientBasisQuantityUnit": {
								"code": "GRM",
								"value": "Gram"
							}
						}
					}
				],
				"sustainabilityInfo": [
					{
						"productScore": [
							{
								"score": 5.0,
								"param": "Biologisk mångfald",
								"paramId": "biodiversity"
							},
							{
								"score": 3.0,
								"param": "Klimat",
								"paramId": "climate"
							},
							{
								"score": 4.0,
								"param": "Bördighet",
								"paramId": "soil_fertility"
							},
							{
								"score": 4.0,
								"param": "Vatten",
								"paramId": "water"
							},
							{
								"score": 4.0,
								"param": "Bekämpningsmedel",
								"paramId": "pesticides"
							},
							{
								"score": 3.0,
								"param": "Övergödning",
								"paramId": "eutrophication"
							},
							{
								"score": null,
								"param": "Djuromsorg och antibiotika",
								"paramId": "animal_welfare_antibiotics"
							},
							{
								"score": 2.5,
								"param": "Arbetsförhållanden",
								"paramId": "working_conditions"
							},
							{
								"score": 4.0,
								"param": "Lokalbefolkning",
								"paramId": "local_population"
							},
							{
								"score": 3.5,
								"param": "Lagefterlevnad och spårbarhet",
								"paramId": "compliance_traceability"
							}
						]
					}
				],
				"sustainabilityInfoApplicable": true
			},
			{
				"id": "5202390007934",
				"type": "Product",
				"ean": "5202390007934",
				"name": "Block Original Flavour Vegan ",
				"manufacturerName": "Violife",
				"description": "Denna klassiska smak hjälper dig att tillfredsställa dina ostiga cravings oavsett i vilket recept du använder den till. Funkar lika bra att riva till pizza och gratänger som att skiva till mackor, toasts och burgare. 100% växtbaserad och även fri från nötter, soja, gluten och konstgjorda konserveringsmedel.",
				"imageUrl": "http://res.cloudinary.com/coopsverige/image/upload/v1708938302/cloud/330687.tiff",
				"listOfIngredients": "Ingredienser: vatten, kokosolja (21%), stärkelse, modifierad stärkelse, havssalt, rönnbärsextrakt, aromer, surhetsreglerande medel (citronsyra), olivextrakt, färgämne (betakaroten), vitamin b12..",
				"navCategories": [
					{
						"code": "334640",
						"name": "Mjölkfri påläggsost",
						"superCategories": [
							{
								"code": "6335",
								"name": "Påläggsost",
								"superCategories": [
									{
										"code": "6327",
										"name": "Ost",
										"superCategories": []
									}
								]
							}
						]
					},
					{
						"code": "33439",
						"name": "Pålägg",
						"superCategories": [
							{
								"code": "39047203",
								"name": "Färskt",
								"superCategories": [
									{
										"code": "39033900",
										"name": "Vegetariskt",
										"superCategories": []
									}
								]
							}
						]
					}
				],
				"accreditedTags": [
					{
						"code": "VEGAN_SOCIETY_VEGAN_LOGO"
					}
				],
				"maxStorageTemperature": "8",
				"packageSize": 400.0,
				"packageSizeInformation": "400g",
				"packageSizeUnit": "Gram",
				"salesPrice": 48.95,
				"salesPriceData": {
					"b2cPrice": 48.95,
					"b2bPrice": 43.71
				},
				"piecePrice": 48.95,
				"piecePriceData": {
					"b2cPrice": 48.95,
					"b2bPrice": 43.71
				},
				"salesUnit": "Styck",
				"comparativePriceText": "kr/kg",
				"comparativePrice": 122.38,
				"comparativePriceData": {
					"b2cPrice": 122.38,
					"b2bPrice": 109.27
				},
				"articleSold": false,
				"deposit": 0.0,
				"depositData": {
					"b2cPrice": 0.0,
					"b2bPrice": 0.0
				},
				"vat": {
					"code": "vat-full-2",
					"value": 12.0,
					"type": "Percentage"
				},
				"nutrientLinks": [
					{
						"amount": [
							"1172"
						],
						"description": "Energi",
						"unit": "Kilojoule"
					},
					{
						"amount": [
							"282"
						],
						"description": "Energi",
						"unit": "Kilokalori"
					},
					{
						"amount": [
							"21"
						],
						"description": "Fett",
						"unit": "Gram"
					},
					{
						"amount": [
							"18"
						],
						"description": "Varav mättat fett",
						"unit": "Gram"
					},
					{
						"amount": [
							"23"
						],
						"description": "Kolhydrat",
						"unit": "Gram"
					},
					{
						"amount": [
							"0"
						],
						"description": "Varav sockerarter",
						"unit": "Gram"
					},
					{
						"amount": [
							"0.1"
						],
						"description": "Protein",
						"unit": "Gram"
					},
					{
						"amount": [
							"2.2"
						],
						"description": "Salt",
						"unit": "Gram"
					},
					{
						"amount": [
							"2.5"
						],
						"description": "Vitamin B12",
						"unit": "Mikrogram",
						"percentageOfDailyIntake": "100"
					}
				],
				"animalFoodData": {},
				"allergyInfo": [
					{
						"code": "VEGAN"
					}
				],
				"fromSweden": false,
				"availableOnline": true,
				"countryOfOriginCodes": [
					{
						"code": "300",
						"value": "Grekland"
					}
				],
				"nutritionalClaimData": {
					"nutritionalClaimTypeCode": {
						"code": "FREE_FROM",
						"value": "FREE_FROM"
					},
					"nutritionalClaimNutrientElementCode": {
						"code": "GLUTEN",
						"value": "GLUTEN"
					},
					"claimMarkedOnPackage": "TRUE|PIM_MULTIVALUE_SEPARATOR|TRUE|PIM_MULTIVALUE_SEPARATOR|TRUE|PIM_MULTIVALUE_SEPARATOR|TRUE"
				},
				"consumerInstructions": {
					"storageInstructions": "Förvaring +2°C - +8°C",
					"usageInstructions": "Öppnad förpackning bör konsumeras inom 7 dagar."
				},
				"isMagazine": false,
				"nutrientBasis": {
					"quantity": 100.0
				},
				"pharmaceuticalData": {
					"isPharmaceutical": false
				},
				"nutrientInformation": [
					{
						"header": {
							"nutrientBasisQuantity": 100.0,
							"nutrientBasisQuantityType": "BY_MEASURE",
							"nutrientBasisQuantityUnit": {
								"code": "GRM",
								"value": "Gram"
							}
						}
					}
				],
				"sustainabilityInfo": [
					{
						"productScore": [
							{
								"score": 5.0,
								"param": "Biologisk mångfald",
								"paramId": "biodiversity"
							},
							{
								"score": 3.0,
								"param": "Klimat",
								"paramId": "climate"
							},
							{
								"score": 4.0,
								"param": "Bördighet",
								"paramId": "soil_fertility"
							},
							{
								"score": 4.0,
								"param": "Vatten",
								"paramId": "water"
							},
							{
								"score": 4.0,
								"param": "Bekämpningsmedel",
								"paramId": "pesticides"
							},
							{
								"score": 3.0,
								"param": "Övergödning",
								"paramId": "eutrophication"
							},
							{
								"score": null,
								"param": "Djuromsorg och antibiotika",
								"paramId": "animal_welfare_antibiotics"
							},
							{
								"score": 2.5,
								"param": "Arbetsförhållanden",
								"paramId": "working_conditions"
							},
							{
								"score": 4.0,
								"param": "Lokalbefolkning",
								"paramId": "local_population"
							},
							{
								"score": 3.5,
								"param": "Lagefterlevnad och spårbarhet",
								"paramId": "compliance_traceability"
							}
						]
					}
				],
				"sustainabilityInfoApplicable": true
			},
			{
				"id": "7300156586810",
				"type": "Product",
				"ean": "7300156586810",
				"name": "Chorizo Vegansk",
				"manufacturerName": "COOP",
				"imageUrl": "http://res.cloudinary.com/coopsverige/image/upload/v1574850513/386062.tiff",
				"listOfIngredients": "INGREDIENSER: Vatten, rapsolja, förtjockningsmedel (E 407a, E 415, E 425, E 461), modifierad stärkelse, kryddor, ärtprotein, salt, potatisprotein, dextros, syra (E 270), surhetsreglerandemedel (E 327), citrusfiber, arom, kryddextrakt, karamellpulver, hydrolyserat majsprotein, glukossirap.",
				"navCategories": [
					{
						"code": "33443",
						"name": "Vegetarisk korv",
						"superCategories": [
							{
								"code": "39047203",
								"name": "Färskt",
								"superCategories": [
									{
										"code": "39033900",
										"name": "Vegetariskt",
										"superCategories": []
									}
								]
							}
						]
					},
					{
						"code": "334602",
						"name": "Vegetarisk korv",
						"superCategories": [
							{
								"code": "156564441",
								"name": "Vegetariskt",
								"superCategories": [
									{
										"code": "5377683",
										"name": "Färdigmat & Mellanmål",
										"superCategories": []
									}
								]
							}
						]
					}
				],
				"maxStorageTemperature": "8",
				"packageSize": 240.0,
				"packageSizeInformation": "240 g",
				"packageSizeUnit": "Gram",
				"salesPrice": 32.95,
				"salesPriceData": {
					"b2cPrice": 32.95,
					"b2bPrice": 29.42
				},
				"piecePrice": 32.95,
				"piecePriceData": {
					"b2cPrice": 32.95,
					"b2bPrice": 29.42
				},
				"salesUnit": "Styck",
				"comparativePriceText": "kr/kg",
				"comparativePrice": 137.29,
				"comparativePriceData": {
					"b2cPrice": 137.29,
					"b2bPrice": 122.58
				},
				"articleSold": false,
				"deposit": 0.0,
				"depositData": {
					"b2cPrice": 0.0,
					"b2bPrice": 0.0
				},
				"vat": {
					"code": "vat-full-2",
					"value": 12.0,
					"type": "Percentage"
				},
				"nutrientLinks": [
					{
						"amount": [
							"920"
						],
						"description": "Energi",
						"unit": "Kilojoule"
					},
					{
						"amount": [
							"220"
						],
						"description": "Energi",
						"unit": "Kilokalori"
					},
					{
						"amount": [
							"17"
						],
						"description": "Fett",
						"unit": "Gram"
					},
					{
						"amount": [
							"1.3"
						],
						"description": "Varav mättat fett",
						"unit": "Gram"
					},
					{
						"amount": [
							"8.4"
						],
						"description": "Kolhydrat",
						"unit": "Gram"
					},
					{
						"amount": [
							"1.5"
						],
						"description": "Varav sockerarter",
						"unit": "Gram"
					},
					{
						"amount": [
							"4.2"
						],
						"description": "Fiber",
						"unit": "Gram"
					},
					{
						"amount": [
							"5.1"
						],
						"description": "Protein",
						"unit": "Gram"
					},
					{
						"amount": [
							"2.0"
						],
						"description": "Salt",
						"unit": "Gram"
					}
				],
				"animalFoodData": {},
				"allergyInfo": [
					{
						"code": "VEGAN"
					}
				],
				"fromSweden": false,
				"availableOnline": true,
				"countryOfOriginCodes": [
					{
						"code": "752",
						"value": "Sverige"
					}
				],
				"isMagazine": false,
				"nutrientBasis": {
					"quantity": 100.0
				},
				"pharmaceuticalData": {
					"isPharmaceutical": false
				},
				"nutrientInformation": [
					{
						"header": {
							"nutrientBasisQuantity": 100.0,
							"nutrientBasisQuantityType": "BY_MEASURE",
							"nutrientBasisQuantityUnit": {
								"code": "GRM",
								"value": "Gram"
							}
						}
					}
				],
				"sustainabilityInfo": [
					{
						"productScore": [
							{
								"score": 2.0,
								"param": "Biologisk mångfald",
								"paramId": "biodiversity"
							},
							{
								"score": 1.5,
								"param": "Klimat",
								"paramId": "climate"
							},
							{
								"score": 1.5,
								"param": "Bördighet",
								"paramId": "soil_fertility"
							},
							{
								"score": 1.0,
								"param": "Vatten",
								"paramId": "water"
							},
							{
								"score": 1.5,
								"param": "Bekämpningsmedel",
								"paramId": "pesticides"
							},
							{
								"score": 1.5,
								"param": "Övergödning",
								"paramId": "eutrophication"
							},
							{
								"score": null,
								"param": "Djuromsorg och antibiotika",
								"paramId": "animal_welfare_antibiotics"
							},
							{
								"score": 1.0,
								"param": "Arbetsförhållanden",
								"paramId": "working_conditions"
							},
							{
								"score": 1.0,
								"param": "Lokalbefolkning",
								"paramId": "local_population"
							},
							{
								"score": 1.0,
								"param": "Lagefterlevnad och spårbarhet",
								"paramId": "compliance_traceability"
							}
						]
					}
				],
				"sustainabilityInfoApplicable": true
			},
			{
				"id": "7381030000127",
				"type": "Product",
				"ean": "7381030000127",
				"name": "Chörizo Hot",
				"manufacturerName": "Astrid & Aporna",
				"imageUrl": "http://res.cloudinary.com/coopsverige/image/upload/v1674196145/cloud/272248.tiff",
				"listOfIngredients": "Vatten, VETEprotein (GLUTEN), rapsolja, SOJAprotein*, stabiliseringsmedel (methylcellulosa, bearbetad eucheumaalg, kaliumklorid), socker, naturliga aromer, salt, kryddor, konserveringsmedel (natriumdiacetat, kaliumsorbat ), vitlök, paprika, lök, örtkrydda, färgämne (järnoxid). *Från Kina.",
				"navCategories": [
					{
						"code": "33443",
						"name": "Vegetarisk korv",
						"superCategories": [
							{
								"code": "39047203",
								"name": "Färskt",
								"superCategories": [
									{
										"code": "39033900",
										"name": "Vegetariskt",
										"superCategories": []
									}
								]
							}
						]
					},
					{
						"code": "334602",
						"name": "Vegetarisk korv",
						"superCategories": [
							{
								"code": "156564441",
								"name": "Vegetariskt",
								"superCategories": [
									{
										"code": "5377683",
										"name": "Färdigmat & Mellanmål",
										"superCategories": []
									}
								]
							}
						]
					}
				],
				"maxStorageTemperature": "8",
				"packageSize": 300.0,
				"packageSizeInformation": "300 g",
				"packageSizeUnit": "Gram",
				"salesPrice": 42.95,
				"salesPriceData": {
					"b2cPrice": 42.95,
					"b2bPrice": 38.35
				},
				"piecePrice": 42.95,
				"piecePriceData": {
					"b2cPrice": 42.95,
					"b2bPrice": 38.35
				},
				"salesUnit": "Styck",
				"comparativePriceText": "kr/kg",
				"comparativePrice": 143.17,
				"comparativePriceData": {
					"b2cPrice": 143.17,
					"b2bPrice": 127.83
				},
				"articleSold": false,
				"deposit": 0.0,
				"depositData": {
					"b2cPrice": 0.0,
					"b2bPrice": 0.0
				},
				"vat": {
					"code": "vat-full-2",
					"value": 12.0,
					"type": "Percentage"
				},
				"nutrientLinks": [
					{
						"amount": [
							"243.2"
						],
						"description": "Energi",
						"unit": "Kilokalori"
					},
					{
						"amount": [
							"1014.5"
						],
						"description": "Energi",
						"unit": "Kilojoule"
					},
					{
						"amount": [
							"14.4"
						],
						"description": "Fett",
						"unit": "Gram"
					},
					{
						"amount": [
							"1.1"
						],
						"description": "Varav mättat fett",
						"unit": "Gram"
					},
					{
						"amount": [
							"6.0"
						],
						"description": "Kolhydrat",
						"unit": "Gram"
					},
					{
						"amount": [
							"2.7"
						],
						"description": "Varav sockerarter",
						"unit": "Gram"
					},
					{
						"amount": [
							"2.5"
						],
						"description": "Fiber",
						"unit": "Gram"
					},
					{
						"amount": [
							"21.1"
						],
						"description": "Protein",
						"unit": "Gram"
					},
					{
						"amount": [
							"1.9"
						],
						"description": "Salt",
						"unit": "Gram"
					}
				],
				"animalFoodData": {},
				"allergyInfo": [
					{
						"code": "VEGAN"
					}
				],
				"fromSweden": false,
				"availableOnline": true,
				"countryOfOriginCodes": [
					{
						"code": "752",
						"value": "Sverige"
					}
				],
				"isMagazine": false,
				"nutrientBasis": {
					"quantity": 100.0
				},
				"pharmaceuticalData": {
					"isPharmaceutical": false
				},
				"nutrientInformation": [
					{
						"header": {
							"nutrientBasisQuantity": 100.0,
							"nutrientBasisQuantityType": "BY_MEASURE",
							"nutrientBasisQuantityUnit": {
								"code": "GRM",
								"value": "Gram"
							}
						}
					}
				],
				"sustainabilityInfoApplicable": true
			},
			{
				"id": "5202390021510",
				"type": "Product",
				"ean": "5202390021510",
				"name": "Creamy Garlic & Herbs",
				"manufacturerName": "Violife",
				"description": "Violife Creamy Garlic & Herbs är krämig och bredbar, med god smak av vitlök och örter. Perfekt på mackan eller till ostbrickan! 100% vegansk och fri från mjölk, laktos, soja, gluten, nötter & konserveringsmedel.",
				"imageUrl": "http://res.cloudinary.com/coopsverige/image/upload/v1708939599/cloud/330719.tiff",
				"listOfIngredients": "Ingredienser: vatten, kokosolja (20%), modifierad Stärkelse, havssalt, stärkelse, citrusfibrer, glukossirap, vitlökspulver, örter, Spenatpulver, surhetsreglerande medel (glukonsyrans deltalakton), aromer, Olivextrakt, färgämne (betakaroten), vitamin b12.",
				"navCategories": [
					{
						"code": "33439",
						"name": "Pålägg",
						"superCategories": [
							{
								"code": "39047203",
								"name": "Färskt",
								"superCategories": [
									{
										"code": "39033900",
										"name": "Vegetariskt",
										"superCategories": []
									}
								]
							}
						]
					}
				],
				"accreditedTags": [
					{
						"code": "VEGAN_SOCIETY_VEGAN_LOGO"
					}
				],
				"maxStorageTemperature": "8",
				"packageSize": 150.0,
				"packageSizeInformation": "150g",
				"packageSizeUnit": "Gram",
				"salesPrice": 32.5,
				"salesPriceData": {
					"b2cPrice": 32.5,
					"b2bPrice": 29.02
				},
				"piecePrice": 32.5,
				"piecePriceData": {
					"b2cPrice": 32.5,
					"b2bPrice": 29.02
				},
				"salesUnit": "Styck",
				"comparativePriceText": "kr/kg",
				"comparativePrice": 216.67,
				"comparativePriceData": {
					"b2cPrice": 216.67,
					"b2bPrice": 193.46
				},
				"articleSold": false,
				"deposit": 0.0,
				"depositData": {
					"b2cPrice": 0.0,
					"b2bPrice": 0.0
				},
				"vat": {
					"code": "vat-full-2",
					"value": 12.0,
					"type": "Percentage"
				},
				"nutrientLinks": [
					{
						"amount": [
							"883"
						],
						"description": "Energi",
						"unit": "Kilokalori"
					},
					{
						"amount": [
							"214"
						],
						"description": "Energi",
						"unit": "Kilojoule"
					},
					{
						"amount": [
							"20"
						],
						"description": "Fett",
						"unit": "Gram"
					},
					{
						"amount": [
							"18"
						],
						"description": "Varav mättat fett",
						"unit": "Gram"
					},
					{
						"amount": [
							"7.7"
						],
						"description": "Kolhydrat",
						"unit": "Gram"
					},
					{
						"amount": [
							"1.5"
						],
						"description": "Varav sockerarter",
						"unit": "Gram"
					},
					{
						"amount": [
							"0.3"
						],
						"description": "Protein",
						"unit": "Gram"
					},
					{
						"amount": [
							"2.0"
						],
						"description": "Salt",
						"unit": "Gram"
					},
					{
						"amount": [
							"2.5"
						],
						"description": "Vitamin B12",
						"unit": "Mikrogram",
						"percentageOfDailyIntake": "100"
					}
				],
				"animalFoodData": {},
				"fromSweden": false,
				"availableOnline": true,
				"countryOfOriginCodes": [
					{
						"code": "300",
						"value": "Grekland"
					}
				],
				"consumerInstructions": {
					"storageInstructions": "Förvaring +2°C - +8°C",
					"usageInstructions": "Förvaras kylt (2-8°C). Öppnad förpackning förvaras i kylskåp i upp till 7 dagar."
				},
				"isMagazine": false,
				"nutrientBasis": {
					"quantity": 100.0
				},
				"pharmaceuticalData": {
					"isPharmaceutical": false
				},
				"nutrientInformation": [
					{
						"header": {
							"nutrientBasisQuantity": 100.0,
							"nutrientBasisQuantityType": "BY_MEASURE",
							"nutrientBasisQuantityUnit": {
								"code": "GRM",
								"value": "Gram"
							}
						}
					}
				],
				"sustainabilityInfo": [
					{
						"productScore": [
							{
								"score": 5.0,
								"param": "Biologisk mångfald",
								"paramId": "biodiversity"
							},
							{
								"score": 3.0,
								"param": "Klimat",
								"paramId": "climate"
							},
							{
								"score": 4.0,
								"param": "Bördighet",
								"paramId": "soil_fertility"
							},
							{
								"score": 4.0,
								"param": "Vatten",
								"paramId": "water"
							},
							{
								"score": 4.0,
								"param": "Bekämpningsmedel",
								"paramId": "pesticides"
							},
							{
								"score": 3.0,
								"param": "Övergödning",
								"paramId": "eutrophication"
							},
							{
								"score": null,
								"param": "Djuromsorg och antibiotika",
								"paramId": "animal_welfare_antibiotics"
							},
							{
								"score": 2.5,
								"param": "Arbetsförhållanden",
								"paramId": "working_conditions"
							},
							{
								"score": 4.0,
								"param": "Lokalbefolkning",
								"paramId": "local_population"
							},
							{
								"score": 3.5,
								"param": "Lagefterlevnad och spårbarhet",
								"paramId": "compliance_traceability"
							}
						]
					}
				],
				"sustainabilityInfoApplicable": true
			},
			{
				"id": "7331217013914",
				"type": "Product",
				"ean": "7331217013914",
				"name": "Falafel ",
				"manufacturerName": "Sevan",
				"imageUrl": "http://res.cloudinary.com/coopsverige/image/upload/v1616488364/425453.tiff",
				"listOfIngredients": "Ingrediensförteckning: (SE/NO/DK) Ingredienser: Kikärtor/Kikerter/Kikærter (78%), rapsolja/rapsolje (till/til fritering), persilja/persille, potatisflingor/potetflak/kartoffel-flager, vitlök/hvitløk/hvidløg, lökpulver/løkpulver/løgpulver, chili, salt, spiskummin/spidskommen, bakpulver/hevemiddel/hævemiddel (natriumkarbonater), koriander, konserveringsmedel/konserveringsmiddel (kaliumsorbat).",
				"navCategories": [
					{
						"code": "33436",
						"name": "Falafel",
						"superCategories": [
							{
								"code": "39047203",
								"name": "Färskt",
								"superCategories": [
									{
										"code": "39033900",
										"name": "Vegetariskt",
										"superCategories": []
									}
								]
							}
						]
					},
					{
						"code": "334597",
						"name": "Falafel",
						"superCategories": [
							{
								"code": "156564441",
								"name": "Vegetariskt",
								"superCategories": [
									{
										"code": "5377683",
										"name": "Färdigmat & Mellanmål",
										"superCategories": []
									}
								]
							}
						]
					}
				],
				"maxStorageTemperature": "8.00",
				"packageSize": 200.0,
				"packageSizeInformation": "200 g",
				"packageSizeUnit": "Gram",
				"salesPrice": 33.95,
				"salesPriceData": {
					"b2cPrice": 33.95,
					"b2bPrice": 30.31
				},
				"piecePrice": 33.95,
				"piecePriceData": {
					"b2cPrice": 33.95,
					"b2bPrice": 30.31
				},
				"salesUnit": "Styck",
				"comparativePriceText": "kr/kg",
				"comparativePrice": 169.75,
				"comparativePriceData": {
					"b2cPrice": 169.75,
					"b2bPrice": 151.56
				},
				"articleSold": false,
				"deposit": 0.0,
				"depositData": {
					"b2cPrice": 0.0,
					"b2bPrice": 0.0
				},
				"vat": {
					"code": "vat-full-2",
					"value": 12.0,
					"type": "Percentage"
				},
				"nutrientLinks": [
					{
						"amount": [
							"1119"
						],
						"description": "Energi",
						"unit": "Kilojoule"
					},
					{
						"amount": [
							"267"
						],
						"description": "Energi",
						"unit": "Kilokalori"
					},
					{
						"amount": [
							"12"
						],
						"description": "Fett",
						"unit": "Gram"
					},
					{
						"amount": [
							"1.0"
						],
						"description": "Varav mättat fett",
						"unit": "Gram"
					},
					{
						"amount": [
							"27"
						],
						"description": "Kolhydrat",
						"unit": "Gram"
					},
					{
						"amount": [
							"3.3"
						],
						"description": "Varav sockerarter",
						"unit": "Gram"
					},
					{
						"amount": [
							"10"
						],
						"description": "Protein",
						"unit": "Gram"
					},
					{
						"amount": [
							"1.1"
						],
						"description": "Salt",
						"unit": "Gram"
					}
				],
				"animalFoodData": {},
				"fromSweden": false,
				"availableOnline": true,
				"declarationOfOrigin": "USA",
				"countryOfOriginCodes": [
					{
						"code": "752",
						"value": "Sverige"
					}
				],
				"consumerInstructions": {
					"usageInstructions": "Krispiga kikärtsbollar/Sprø kikertboller/Sprøde kikærteboller. Goda i sallad, wraps eller till hummus./Rapeat ja herkulliset kikhernepyörykät."
				},
				"isMagazine": false,
				"nutrientBasis": {
					"quantity": 100.0
				},
				"pharmaceuticalData": {
					"isPharmaceutical": false
				},
				"nutrientInformation": [
					{
						"header": {
							"nutrientBasisQuantity": 100.0,
							"nutrientBasisQuantityType": "BY_MEASURE",
							"nutrientBasisQuantityUnit": {
								"code": "GRM",
								"value": "Gram"
							}
						}
					}
				],
				"sustainabilityInfoApplicable": true
			},
			{
				"id": "7350090451873",
				"type": "Product",
				"ean": "7350090451873",
				"name": "Falafel Klassisk",
				"manufacturerName": "Schysst käk",
				"description": "Klassisk falafel gjord på kikärtor och fullpackad med färska örter. Krispiga utanpå, mjuka och saftiga inuti.",
				"imageUrl": "http://res.cloudinary.com/coopsverige/image/upload/v1705062469/cloud/318718.tiff",
				"listOfIngredients": "Kikärtor (56%)*, rapsolja, lök, vatten, örter (persilja, koriander, dill), potatis, svartkummin, salt, bakpulver, socker, kryddblandning (spiskummin, svartpeppar, vitlök, paprikapulver, chilipulver), surhetsreglerande medel (citronsyra), konserveringsmedel (kaliumsorbat). Kan innehålla spår av SESAM. * Ursprung: Icke-EU",
				"navCategories": [
					{
						"code": "33436",
						"name": "Falafel",
						"superCategories": [
							{
								"code": "39047203",
								"name": "Färskt",
								"superCategories": [
									{
										"code": "39033900",
										"name": "Vegetariskt",
										"superCategories": []
									}
								]
							}
						]
					}
				],
				"maxStorageTemperature": "8",
				"packageSize": 275.0,
				"packageSizeInformation": "275 g",
				"packageSizeUnit": "Gram",
				"salesPrice": 45.95,
				"salesPriceData": {
					"b2cPrice": 45.95,
					"b2bPrice": 41.03
				},
				"piecePrice": 45.95,
				"piecePriceData": {
					"b2cPrice": 45.95,
					"b2bPrice": 41.03
				},
				"promotionPrice": 40.0,
				"promotionPriceData": {
					"b2cPrice": 40.0,
					"b2bPrice": 35.71
				},
				"salesUnit": "Styck",
				"comparativePriceText": "kr/kg",
				"comparativePrice": 167.09,
				"comparativePriceData": {
					"b2cPrice": 167.09,
					"b2bPrice": 149.19
				},
				"articleSold": false,
				"deposit": 0.0,
				"depositData": {
					"b2cPrice": 0.0,
					"b2bPrice": 0.0
				},
				"vat": {
					"code": "vat-full-2",
					"value": 12.0,
					"type": "Percentage"
				},
				"nutrientLinks": [
					{
						"amount": [
							"1097"
						],
						"description": "Energi",
						"unit": "Kilojoule"
					},
					{
						"amount": [
							"263"
						],
						"description": "Energi",
						"unit": "Kilokalori"
					},
					{
						"amount": [
							"12.6"
						],
						"description": "Fett",
						"unit": "Gram"
					},
					{
						"amount": [
							"1.0"
						],
						"description": "Varav mättat fett",
						"unit": "Gram"
					},
					{
						"amount": [
							"36"
						],
						"description": "Kolhydrat",
						"unit": "Gram"
					},
					{
						"amount": [
							"5.6"
						],
						"description": "Varav sockerarter",
						"unit": "Gram"
					},
					{
						"amount": [
							"9.1"
						],
						"description": "Protein",
						"unit": "Gram"
					},
					{
						"amount": [
							"1.7"
						],
						"description": "Salt",
						"unit": "Gram"
					}
				],
				"animalFoodData": {},
				"allergyInfo": [
					{
						"code": "VEGAN"
					}
				],
				"onlinePromotions": [
					{
						"id": "016001_132370",
						"price": 40.0,
						"priceData": {
							"b2cPrice": 40.0,
							"b2bPrice": 35.71
						},
						"piecePrice": 40.0,
						"piecePriceData": {
							"b2cPrice": 40.0,
							"b2bPrice": 35.71
						},
						"startDate": "2025-01-26T23:00:00Z",
						"endDate": "2025-02-02T23:00:00Z",
						"message": "Medlemspris-Falafel Klassisk-40:- /st",
						"type": "FIXED_PRICE",
						"medMeraRequired": true,
						"priority": 930,
						"comparativePrice": {
							"b2cPrice": 145.45,
							"b2bPrice": 129.87
						}
					}
				],
				"fromSweden": false,
				"availableOnline": true,
				"declarationOfOrigin": "Sverige",
				"countryOfOriginCodes": [
					{
						"code": "752",
						"value": "Sverige"
					}
				],
				"consumerInstructions": {
					"storageInstructions": "Förvaras kylt. +2°C - +8°C"
				},
				"isMagazine": false,
				"nutrientBasis": {
					"quantity": 100.0
				},
				"pharmaceuticalData": {
					"isPharmaceutical": false
				},
				"nutrientInformation": [
					{
						"header": {
							"nutrientBasisQuantity": 100.0,
							"nutrientBasisQuantityType": "BY_MEASURE",
							"nutrientBasisQuantityUnit": {
								"code": "GRM",
								"value": "Gram"
							}
						}
					}
				],
				"sustainabilityInfo": [
					{
						"productScore": [
							{
								"score": 3.5,
								"param": "Biologisk mångfald",
								"paramId": "biodiversity"
							},
							{
								"score": 1.0,
								"param": "Klimat",
								"paramId": "climate"
							},
							{
								"score": 3.0,
								"param": "Bördighet",
								"paramId": "soil_fertility"
							},
							{
								"score": 3.0,
								"param": "Vatten",
								"paramId": "water"
							},
							{
								"score": 4.0,
								"param": "Bekämpningsmedel",
								"paramId": "pesticides"
							},
							{
								"score": 3.0,
								"param": "Övergödning",
								"paramId": "eutrophication"
							},
							{
								"score": null,
								"param": "Djuromsorg och antibiotika",
								"paramId": "animal_welfare_antibiotics"
							},
							{
								"score": 3.0,
								"param": "Arbetsförhållanden",
								"paramId": "working_conditions"
							},
							{
								"score": 3.5,
								"param": "Lokalbefolkning",
								"paramId": "local_population"
							},
							{
								"score": 3.0,
								"param": "Lagefterlevnad och spårbarhet",
								"paramId": "compliance_traceability"
							}
						]
					}
				],
				"sustainabilityInfoApplicable": true
			},
			{
				"id": "3073781195552",
				"type": "Product",
				"ean": "3073781195552",
				"name": "Greek style cubes",
				"manufacturerName": "Nurishh",
				"description": "Ta en tur till Medelhavet med våra veganska grekisk-inspirerande smuliga kuber! Färdigtärnade & perfekt till en god sallad. Unite everyone around the table!",
				"imageUrl": "http://res.cloudinary.com/coopsverige/image/upload/v1725959553/cloud/384516.tiff",
				"listOfIngredients": "(SE/DK/NO) Ingredienser: vatten / vand / vann, kokos-olj/ole (18%), potatisstärkelseblandning / kartoffelstivelsesblanding / potetstivelsesblanding (potatisstärkelse / kartoffelstivelse / potetstivelse,potatisprotein / karoffelprotein / potetprotein), solros / solisikke-olja / olie (6%), salt, kalciumcitrat / calcium citrat / kalsiumsitrat, surheds / shurhetsregulerende middel / medel / syreregulator (citron / sitron syra / syre), naturligt / naturlig aromämne / aroma / smaksstoffer, färgämne / farve / farge (karoten), Vitamin B12.",
				"navCategories": [
					{
						"code": "193841390",
						"name": "Tofu",
						"superCategories": [
							{
								"code": "39047203",
								"name": "Färskt",
								"superCategories": [
									{
										"code": "39033900",
										"name": "Vegetariskt",
										"superCategories": []
									}
								]
							}
						]
					}
				],
				"accreditedTags": [
					{
						"code": "VEGAN_SOCIETY_VEGAN_LOGO"
					}
				],
				"maxStorageTemperature": "8",
				"packageSize": 150.0,
				"packageSizeInformation": "150 g",
				"packageSizeUnit": "Gram",
				"salesPrice": 33.95,
				"salesPriceData": {
					"b2cPrice": 33.95,
					"b2bPrice": 30.31
				},
				"piecePrice": 33.95,
				"piecePriceData": {
					"b2cPrice": 33.95,
					"b2bPrice": 30.31
				},
				"salesUnit": "Styck",
				"comparativePriceText": "kr/kg",
				"comparativePrice": 226.33,
				"comparativePriceData": {
					"b2cPrice": 226.33,
					"b2bPrice": 202.08
				},
				"articleSold": false,
				"deposit": 0.0,
				"depositData": {
					"b2cPrice": 0.0,
					"b2bPrice": 0.0
				},
				"vat": {
					"code": "vat-full-2",
					"value": 12.0,
					"type": "Percentage"
				},
				"nutrientLinks": [
					{
						"amount": [
							"275"
						],
						"description": "Energi",
						"unit": "Kilokalori"
					},
					{
						"amount": [
							"1138"
						],
						"description": "Energi",
						"unit": "Kilojoule"
					},
					{
						"amount": [
							"24"
						],
						"description": "Fett",
						"unit": "Gram"
					},
					{
						"amount": [
							"17"
						],
						"description": "Varav mättat fett",
						"unit": "Gram"
					},
					{
						"amount": [
							"13"
						],
						"description": "Kolhydrat",
						"unit": "Gram"
					},
					{
						"amount": [
							"0"
						],
						"description": "Varav sockerarter",
						"unit": "Gram"
					},
					{
						"amount": [
							"1.5"
						],
						"description": "Protein",
						"unit": "Gram"
					},
					{
						"amount": [
							"2"
						],
						"description": "Salt",
						"unit": "Gram"
					},
					{
						"amount": [
							"240"
						],
						"description": "Kalcium",
						"unit": "Gram",
						"percentageOfDailyIntake": "30"
					},
					{
						"amount": [
							"1.5"
						],
						"description": "Vitamin B12",
						"unit": "Mikrogram",
						"percentageOfDailyIntake": "60"
					}
				],
				"animalFoodData": {},
				"allergyInfo": [
					{
						"code": "VEGAN"
					}
				],
				"fromSweden": false,
				"availableOnline": true,
				"countryOfOriginCodes": [
					{
						"code": "250",
						"value": "Frankrike"
					}
				],
				"shortTradeItemMarketingMessage": {
					"seq1": "Ta en tur till Medelhavet med våra veganska grekisk-inspirerande smuliga kuber!"
				},
				"isMagazine": false,
				"nutrientBasis": {
					"quantity": 100.0
				},
				"pharmaceuticalData": {
					"isPharmaceutical": false
				},
				"nutrientInformation": [
					{
						"header": {
							"nutrientBasisQuantity": 100.0,
							"nutrientBasisQuantityType": "BY_MEASURE",
							"nutrientBasisQuantityUnit": {
								"code": "GRM",
								"value": "Gram"
							}
						}
					}
				],
				"regulatedProductName": "Veganskt aletrnativ till ost",
				"sustainabilityInfoApplicable": true
			},
			{
				"id": "5292874001299",
				"type": "Product",
				"ean": "5292874001299",
				"name": "Greek Style Vegan",
				"manufacturerName": "Greenvie",
				"imageUrl": "http://res.cloudinary.com/coopsverige/image/upload/v1575884466/386640.tiff",
				"listOfIngredients": "Ingredienser: vatten, icke hydrogenerad kokosolja (25%), tapioka stärkelse, modifierad stärkelse från majs, potatis protein, havssalt, mjölkfri mjölksyra, veganska naturliga aromer, Olivextrat, vitamin B12.",
				"navCategories": [
					{
						"code": "33447",
						"name": "Övrig vegetariskt",
						"superCategories": [
							{
								"code": "39047203",
								"name": "Färskt",
								"superCategories": [
									{
										"code": "39033900",
										"name": "Vegetariskt",
										"superCategories": []
									}
								]
							}
						]
					}
				],
				"accreditedTags": [
					{
						"code": "VEGAN_SOCIETY_VEGAN_LOGO"
					}
				],
				"packageSize": 200.0,
				"packageSizeInformation": "200 g",
				"packageSizeUnit": "Gram",
				"salesPrice": 33.95,
				"salesPriceData": {
					"b2cPrice": 33.95,
					"b2bPrice": 30.31
				},
				"piecePrice": 33.95,
				"piecePriceData": {
					"b2cPrice": 33.95,
					"b2bPrice": 30.31
				},
				"salesUnit": "Styck",
				"comparativePriceText": "kr/kg",
				"comparativePrice": 169.75,
				"comparativePriceData": {
					"b2cPrice": 169.75,
					"b2bPrice": 151.56
				},
				"articleSold": false,
				"deposit": 0.0,
				"depositData": {
					"b2cPrice": 0.0,
					"b2bPrice": 0.0
				},
				"vat": {
					"code": "vat-full-2",
					"value": 12.0,
					"type": "Percentage"
				},
				"nutrientLinks": [
					{
						"amount": [
							"1182"
						],
						"description": "Energi",
						"unit": "Kilojoule"
					},
					{
						"amount": [
							"283"
						],
						"description": "Energi",
						"unit": "Kilokalori"
					},
					{
						"amount": [
							"25"
						],
						"description": "Fett",
						"unit": "Gram"
					},
					{
						"amount": [
							"23"
						],
						"description": "Varav mättat fett",
						"unit": "Gram"
					},
					{
						"amount": [
							"13"
						],
						"description": "Kolhydrat",
						"unit": "Gram"
					},
					{
						"amount": [
							"0"
						],
						"description": "Varav sockerarter",
						"unit": "Gram"
					},
					{
						"amount": [
							"1.7"
						],
						"description": "Protein",
						"unit": "Gram"
					},
					{
						"amount": [
							"2.5"
						],
						"description": "Salt",
						"unit": "Gram"
					},
					{
						"amount": [
							"2.5"
						],
						"description": "Vitamin B12",
						"unit": "Mikrogram"
					}
				],
				"animalFoodData": {},
				"fromSweden": false,
				"availableOnline": true,
				"isMagazine": false,
				"nutrientBasis": {
					"quantity": 100.0
				},
				"pharmaceuticalData": {
					"isPharmaceutical": false
				},
				"nutrientInformation": [
					{
						"header": {
							"nutrientBasisQuantity": 100.0,
							"nutrientBasisQuantityType": "BY_MEASURE",
							"nutrientBasisQuantityUnit": {
								"code": "GRM",
								"value": "Gram"
							}
						}
					}
				],
				"sustainabilityInfo": [
					{
						"productScore": [
							{
								"score": 2.5,
								"param": "Biologisk mångfald",
								"paramId": "biodiversity"
							},
							{
								"score": 1.5,
								"param": "Klimat",
								"paramId": "climate"
							},
							{
								"score": 1.5,
								"param": "Bördighet",
								"paramId": "soil_fertility"
							},
							{
								"score": 1.5,
								"param": "Vatten",
								"paramId": "water"
							},
							{
								"score": 2.0,
								"param": "Bekämpningsmedel",
								"paramId": "pesticides"
							},
							{
								"score": 2.0,
								"param": "Övergödning",
								"paramId": "eutrophication"
							},
							{
								"score": null,
								"param": "Djuromsorg och antibiotika",
								"paramId": "animal_welfare_antibiotics"
							},
							{
								"score": 2.5,
								"param": "Arbetsförhållanden",
								"paramId": "working_conditions"
							},
							{
								"score": 3.5,
								"param": "Lokalbefolkning",
								"paramId": "local_population"
							},
							{
								"score": 3.0,
								"param": "Lagefterlevnad och spårbarhet",
								"paramId": "compliance_traceability"
							}
						]
					}
				],
				"sustainabilityInfoApplicable": true
			},
			{
				"id": "7350037194672",
				"type": "Product",
				"ean": "7350037194672",
				"name": "Grillkorv Vegan",
				"manufacturerName": "Peas of Heaven",
				"imageUrl": "http://res.cloudinary.com/coopsverige/image/upload/v1700655885/cloud/304413.tiff",
				"listOfIngredients": "Vatten, vegetabiliskt protein (solros, ärta), vegetabiliskt fett (kokos, shea), rapsolja, stärkelse (potatis, majs), förtjockningsmedel (metylcellulosa, karragenan, konjaksgummi), citrusfibrer, salt, socker, paprika, vitpeppar, lök, ingefära, muskotnöt, arom, vinägerextrakt, färgämne (rädisakoncentrat, lykopen), antioxidationsmedel (askorbinsyra), järn, riboflavin, vitamin B12",
				"navCategories": [
					{
						"code": "33443",
						"name": "Vegetarisk korv",
						"superCategories": [
							{
								"code": "39047203",
								"name": "Färskt",
								"superCategories": [
									{
										"code": "39033900",
										"name": "Vegetariskt",
										"superCategories": []
									}
								]
							}
						]
					}
				],
				"maxStorageTemperature": "8",
				"packageSize": 250.0,
				"packageSizeInformation": "250 g",
				"packageSizeUnit": "Gram",
				"salesPrice": 37.95,
				"salesPriceData": {
					"b2cPrice": 37.95,
					"b2bPrice": 33.88
				},
				"piecePrice": 37.95,
				"piecePriceData": {
					"b2cPrice": 37.95,
					"b2bPrice": 33.88
				},
				"salesUnit": "Styck",
				"comparativePriceText": "kr/kg",
				"comparativePrice": 151.8,
				"comparativePriceData": {
					"b2cPrice": 151.8,
					"b2bPrice": 135.54
				},
				"articleSold": false,
				"deposit": 0.0,
				"depositData": {
					"b2cPrice": 0.0,
					"b2bPrice": 0.0
				},
				"vat": {
					"code": "vat-full-2",
					"value": 12.0,
					"type": "Percentage"
				},
				"nutrientLinks": [
					{
						"amount": [
							"743"
						],
						"description": "Energi",
						"unit": "Kilojoule"
					},
					{
						"amount": [
							"178"
						],
						"description": "Energi",
						"unit": "Kilokalori"
					},
					{
						"amount": [
							"14.4"
						],
						"description": "Fett",
						"unit": "Gram"
					},
					{
						"amount": [
							"4.6"
						],
						"description": "Varav mättat fett",
						"unit": "Gram"
					},
					{
						"amount": [
							"5.1"
						],
						"description": "Kolhydrat",
						"unit": "Gram"
					},
					{
						"amount": [
							"2.5"
						],
						"description": "Varav sockerarter",
						"unit": "Gram"
					},
					{
						"amount": [
							"4.1"
						],
						"description": "Fiber",
						"unit": "Gram"
					},
					{
						"amount": [
							"7.2"
						],
						"description": "Protein",
						"unit": "Gram"
					},
					{
						"amount": [
							"2"
						],
						"description": "Salt",
						"unit": "Gram"
					},
					{
						"amount": [
							"1.25"
						],
						"description": "Vitamin B12",
						"unit": "Mikrogram",
						"percentageOfDailyIntake": "50"
					},
					{
						"amount": [
							"2.75"
						],
						"description": "Järn",
						"unit": "Milligram",
						"percentageOfDailyIntake": "20"
					},
					{
						"amount": [
							"0.23"
						],
						"description": "Riboflavin",
						"unit": "Milligram",
						"percentageOfDailyIntake": "16"
					}
				],
				"animalFoodData": {},
				"fromSweden": false,
				"availableOnline": true,
				"declarationOfOrigin": "Ärtprotein från EU",
				"countryOfOriginCodes": [
					{
						"code": "752",
						"value": "Sverige"
					}
				],
				"isMagazine": false,
				"nutrientBasis": {
					"quantity": 100.0
				},
				"pharmaceuticalData": {
					"isPharmaceutical": false
				},
				"nutrientInformation": [
					{
						"header": {
							"nutrientBasisQuantity": 100.0,
							"nutrientBasisQuantityType": "BY_MEASURE",
							"nutrientBasisQuantityUnit": {
								"code": "GRM",
								"value": "Gram"
							}
						}
					}
				],
				"sustainabilityInfoApplicable": true
			},
			{
				"id": "7300156586827",
				"type": "Product",
				"ean": "7300156586827",
				"name": "Grillkorv Vegansk",
				"manufacturerName": "COOP",
				"imageUrl": "http://res.cloudinary.com/coopsverige/image/upload/v1574850527/386063.tiff",
				"listOfIngredients": "INGREDIENSER: Vatten, rapsolja, förtjockningsmedel (E 407a, E 415, E 425, E 461), kryddor, modifierad stärkelse, ärtprotein, salt, potatisprotein, dextros, syra (E 270), surhetsreglerande medel (E 327), rädiskoncentrat, citrusfiber, arom, kryddextrakt, hydrolyserat majsprotein, glukossirap, karamellpulver.",
				"navCategories": [
					{
						"code": "33443",
						"name": "Vegetarisk korv",
						"superCategories": [
							{
								"code": "39047203",
								"name": "Färskt",
								"superCategories": [
									{
										"code": "39033900",
										"name": "Vegetariskt",
										"superCategories": []
									}
								]
							}
						]
					},
					{
						"code": "334602",
						"name": "Vegetarisk korv",
						"superCategories": [
							{
								"code": "156564441",
								"name": "Vegetariskt",
								"superCategories": [
									{
										"code": "5377683",
										"name": "Färdigmat & Mellanmål",
										"superCategories": []
									}
								]
							}
						]
					}
				],
				"maxStorageTemperature": "8",
				"packageSize": 240.0,
				"packageSizeInformation": "240 g",
				"packageSizeUnit": "Gram",
				"salesPrice": 32.95,
				"salesPriceData": {
					"b2cPrice": 32.95,
					"b2bPrice": 29.42
				},
				"piecePrice": 32.95,
				"piecePriceData": {
					"b2cPrice": 32.95,
					"b2bPrice": 29.42
				},
				"salesUnit": "Styck",
				"comparativePriceText": "kr/kg",
				"comparativePrice": 137.29,
				"comparativePriceData": {
					"b2cPrice": 137.29,
					"b2bPrice": 122.58
				},
				"articleSold": false,
				"deposit": 0.0,
				"depositData": {
					"b2cPrice": 0.0,
					"b2bPrice": 0.0
				},
				"vat": {
					"code": "vat-full-2",
					"value": 12.0,
					"type": "Percentage"
				},
				"nutrientLinks": [
					{
						"amount": [
							"215"
						],
						"description": "Energi",
						"unit": "Kilokalori"
					},
					{
						"amount": [
							"895"
						],
						"description": "Energi",
						"unit": "Kilojoule"
					},
					{
						"amount": [
							"17"
						],
						"description": "Fett",
						"unit": "Gram"
					},
					{
						"amount": [
							"1.3"
						],
						"description": "Varav mättat fett",
						"unit": "Gram"
					},
					{
						"amount": [
							"4.2"
						],
						"description": "Kolhydrat",
						"unit": "Gram"
					},
					{
						"amount": [
							"1.3"
						],
						"description": "Varav sockerarter",
						"unit": "Gram"
					},
					{
						"amount": [
							"4.2"
						],
						"description": "Fiber",
						"unit": "Gram"
					},
					{
						"amount": [
							"5.1"
						],
						"description": "Protein",
						"unit": "Gram"
					},
					{
						"amount": [
							"1.9"
						],
						"description": "Salt",
						"unit": "Gram"
					},
					{
						"amount": [
							"8.0"
						],
						"description": "Kolhydrat",
						"unit": "Gram"
					}
				],
				"animalFoodData": {},
				"allergyInfo": [
					{
						"code": "VEGAN"
					}
				],
				"fromSweden": false,
				"availableOnline": true,
				"countryOfOriginCodes": [
					{
						"code": "752",
						"value": "Sverige"
					}
				],
				"preparationInstructions": "TILLAGNING: Steks eller\ngrillas ca 3-5 minuter på\nmedelvärme.",
				"preparationInstructionsList": [
					"TILLAGNING: Steks eller\ngrillas ca 3-5 minuter på\nmedelvärme."
				],
				"isMagazine": false,
				"nutrientBasis": {
					"quantity": 100.0
				},
				"pharmaceuticalData": {
					"isPharmaceutical": false
				},
				"nutrientInformation": [
					{
						"header": {
							"nutrientBasisQuantity": 100.0,
							"nutrientBasisQuantityType": "BY_MEASURE",
							"nutrientBasisQuantityUnit": {
								"code": "GRM",
								"value": "Gram"
							}
						}
					}
				],
				"sustainabilityInfo": [
					{
						"productScore": [
							{
								"score": 2.0,
								"param": "Biologisk mångfald",
								"paramId": "biodiversity"
							},
							{
								"score": 1.5,
								"param": "Klimat",
								"paramId": "climate"
							},
							{
								"score": 1.5,
								"param": "Bördighet",
								"paramId": "soil_fertility"
							},
							{
								"score": 1.0,
								"param": "Vatten",
								"paramId": "water"
							},
							{
								"score": 1.5,
								"param": "Bekämpningsmedel",
								"paramId": "pesticides"
							},
							{
								"score": 1.5,
								"param": "Övergödning",
								"paramId": "eutrophication"
							},
							{
								"score": null,
								"param": "Djuromsorg och antibiotika",
								"paramId": "animal_welfare_antibiotics"
							},
							{
								"score": 1.0,
								"param": "Arbetsförhållanden",
								"paramId": "working_conditions"
							},
							{
								"score": 1.0,
								"param": "Lokalbefolkning",
								"paramId": "local_population"
							},
							{
								"score": 1.0,
								"param": "Lagefterlevnad och spårbarhet",
								"paramId": "compliance_traceability"
							}
						]
					}
				],
				"sustainabilityInfoApplicable": true
			},
			{
				"id": "7310130012624",
				"type": "Product",
				"ean": "7310130012624",
				"name": "Grillost stroganoff ",
				"manufacturerName": "Gooh",
				"imageUrl": "http://res.cloudinary.com/coopsverige/image/upload/v1726654059/cloud/386629.tiff",
				"listOfIngredients": "Kokt ris 27%, grillOST 17% (MJÖLK, salt (jod), ystenzym (mikrobiellt)), vatten, lök, GRÄDDE, paprika 7%, vitkål, tomatpuré, CRЀME FRAICHE, vildris 3%, salt (jod), paprikapulver, sambal oelek (chilipeppar, salt, konserveringsmedel (ättiksyra)), vitpeppar.",
				"navCategories": [
					{
						"code": "33438",
						"name": "Portionsrätter",
						"superCategories": [
							{
								"code": "39047203",
								"name": "Färskt",
								"superCategories": [
									{
										"code": "39033900",
										"name": "Vegetariskt",
										"superCategories": []
									}
								]
							}
						]
					}
				],
				"maxStorageTemperature": "8",
				"packageSize": 400.0,
				"packageSizeInformation": "400 g",
				"packageSizeUnit": "Gram",
				"salesPrice": 65.95,
				"salesPriceData": {
					"b2cPrice": 65.95,
					"b2bPrice": 58.88
				},
				"piecePrice": 65.95,
				"piecePriceData": {
					"b2cPrice": 65.95,
					"b2bPrice": 58.88
				},
				"salesUnit": "Styck",
				"comparativePriceText": "kr/kg",
				"comparativePrice": 164.88,
				"comparativePriceData": {
					"b2cPrice": 164.88,
					"b2bPrice": 147.21
				},
				"articleSold": false,
				"deposit": 0.0,
				"depositData": {
					"b2cPrice": 0.0,
					"b2bPrice": 0.0
				},
				"vat": {
					"code": "vat-full-2",
					"value": 12.0,
					"type": "Percentage"
				},
				"nutrientLinks": [
					{
						"amount": [
							"751"
						],
						"description": "Energi",
						"unit": "Kilojoule"
					},
					{
						"amount": [
							"179"
						],
						"description": "Energi",
						"unit": "Kilokalori"
					},
					{
						"amount": [
							"10"
						],
						"description": "Fett",
						"unit": "Gram"
					},
					{
						"amount": [
							"6.5"
						],
						"description": "Varav mättat fett",
						"unit": "Gram"
					},
					{
						"amount": [
							"15"
						],
						"description": "Kolhydrat",
						"unit": "Gram"
					},
					{
						"amount": [
							"2.2"
						],
						"description": "Varav sockerarter",
						"unit": "Gram"
					},
					{
						"amount": [
							"0.8"
						],
						"description": "Fiber",
						"unit": "Gram"
					},
					{
						"amount": [
							"6.5"
						],
						"description": "Protein",
						"unit": "Gram"
					},
					{
						"amount": [
							"0.99"
						],
						"description": "Salt",
						"unit": "Gram"
					}
				],
				"animalFoodData": {},
				"allergyInfo": [
					{
						"code": "VEGETARIAN"
					}
				],
				"fromSweden": false,
				"availableOnline": true,
				"preparationInstructions": "Värms enkelt 3 minuter i mikro och piper när den är klar. Du kan också värma den 10 minuter i kokande vatten. Stick ej hål på plasten.",
				"preparationInstructionsList": [
					"Värms enkelt 3 minuter i mikro och piper när den är klar. Du kan också värma den 10 minuter i kokande vatten. Stick ej hål på plasten."
				],
				"isMagazine": false,
				"nutrientBasis": {
					"quantity": 100.0
				},
				"pharmaceuticalData": {
					"isPharmaceutical": false
				},
				"nutrientInformation": [
					{
						"header": {
							"nutrientBasisQuantity": 100.0,
							"nutrientBasisQuantityType": "BY_MEASURE",
							"nutrientBasisQuantityUnit": {
								"code": "GRM",
								"value": "Gram"
							}
						}
					}
				],
				"sustainabilityInfo": [
					{
						"productScore": [
							{
								"score": 4.0,
								"param": "Biologisk mångfald",
								"paramId": "biodiversity"
							},
							{
								"score": 2.5,
								"param": "Klimat",
								"paramId": "climate"
							},
							{
								"score": 2.5,
								"param": "Bördighet",
								"paramId": "soil_fertility"
							},
							{
								"score": 2.5,
								"param": "Vatten",
								"paramId": "water"
							},
							{
								"score": 3.0,
								"param": "Bekämpningsmedel",
								"paramId": "pesticides"
							},
							{
								"score": 3.0,
								"param": "Övergödning",
								"paramId": "eutrophication"
							},
							{
								"score": 4.0,
								"param": "Djuromsorg och antibiotika",
								"paramId": "animal_welfare_antibiotics"
							},
							{
								"score": 2.0,
								"param": "Arbetsförhållanden",
								"paramId": "working_conditions"
							},
							{
								"score": 3.0,
								"param": "Lokalbefolkning",
								"paramId": "local_population"
							},
							{
								"score": 2.0,
								"param": "Lagefterlevnad och spårbarhet",
								"paramId": "compliance_traceability"
							}
						]
					}
				],
				"sustainabilityInfoApplicable": true
			},
			{
				"id": "7350126083016",
				"type": "Product",
				"ean": "7350126083016",
				"name": "Kaviar Vegan",
				"manufacturerName": "Kalles Kaviar",
				"description": "Äntligen kan alla äta Kalles! Kalles Vegan är ett veganskt pålägg med lika god smak som originalet! Kalles Vegan har en perfekt kombination mellan sötma, sälta och rökighet och den gör din macka lite extra god. Sugen på att veta mer om Kalles Vegan och kaviar? Gå in på kalles.se",
				"imageUrl": "http://res.cloudinary.com/coopsverige/image/upload/v1642667478/cloud/243254.tiff",
				"listOfIngredients": "Tångcaviar 35% (tångextrakt, vatten, salt, kryddextrakt (bl.a. cayennepeppar), aromer (bl.a. dill), syra (citronsyra), stabiliseringsmedel (xantangummi), konserveringsmedel (natriumbensoat), färgämne (järnoxid)), rapsolja, vatten, socker, potatisflingor, salt, tomatpuré, rökt solrosolja, kikärtsprotein, ärtprotein, solrosprotein, naturliga aromer, stabiliseringsmedel (xantangummi, fruktkärnmjöl), konserveringsmedel (kaliumsorbat), antioxidationsmedel (askorbinsyra)",
				"navCategories": [
					{
						"code": "32379",
						"name": "Smörgåskaviar",
						"superCategories": [
							{
								"code": "32353",
								"name": "Kaviar & Rom",
								"superCategories": [
									{
										"code": "14754",
										"name": "Fisk & Skaldjur",
										"superCategories": []
									}
								]
							}
						]
					},
					{
						"code": "33439",
						"name": "Pålägg",
						"superCategories": [
							{
								"code": "39047203",
								"name": "Färskt",
								"superCategories": [
									{
										"code": "39033900",
										"name": "Vegetariskt",
										"superCategories": []
									}
								]
							}
						]
					}
				],
				"maxStorageTemperature": "8",
				"packageSize": 150.0,
				"packageSizeInformation": "150 g",
				"packageSizeUnit": "Gram",
				"salesPrice": 28.5,
				"salesPriceData": {
					"b2cPrice": 28.5,
					"b2bPrice": 25.45
				},
				"piecePrice": 28.5,
				"piecePriceData": {
					"b2cPrice": 28.5,
					"b2bPrice": 25.45
				},
				"salesUnit": "Styck",
				"comparativePriceText": "kr/kg",
				"comparativePrice": 190.0,
				"comparativePriceData": {
					"b2cPrice": 190.0,
					"b2bPrice": 169.64
				},
				"articleSold": false,
				"deposit": 0.0,
				"depositData": {
					"b2cPrice": 0.0,
					"b2bPrice": 0.0
				},
				"vat": {
					"code": "vat-full-2",
					"value": 12.0,
					"type": "Percentage"
				},
				"nutrientLinks": [
					{
						"amount": [
							"1240"
						],
						"description": "Energi",
						"unit": "Kilojoule"
					},
					{
						"amount": [
							"296"
						],
						"description": "Energi",
						"unit": "Kilokalori"
					},
					{
						"amount": [
							"25"
						],
						"description": "Fett",
						"unit": "Gram"
					},
					{
						"amount": [
							"1.8"
						],
						"description": "Varav mättat fett",
						"unit": "Gram"
					},
					{
						"amount": [
							"15"
						],
						"description": "Kolhydrat",
						"unit": "Gram"
					},
					{
						"amount": [
							"10"
						],
						"description": "Varav sockerarter",
						"unit": "Gram"
					},
					{
						"amount": [
							"1.1"
						],
						"description": "Protein",
						"unit": "Gram"
					},
					{
						"amount": [
							"5.0"
						],
						"description": "Salt",
						"unit": "Gram"
					}
				],
				"animalFoodData": {},
				"allergyInfo": [
					{
						"code": "VEGAN"
					}
				],
				"fromSweden": false,
				"availableOnline": true,
				"countryOfOriginCodes": [
					{
						"code": "752",
						"value": "Sverige"
					}
				],
				"consumerInstructions": {
					"storageInstructions": "I kylskåp 2-8 °C"
				},
				"isMagazine": false,
				"nutrientBasis": {
					"quantity": 100.0
				},
				"pharmaceuticalData": {
					"isPharmaceutical": false
				},
				"nutrientInformation": [
					{
						"header": {
							"nutrientBasisQuantity": 100.0,
							"nutrientBasisQuantityType": "BY_MEASURE",
							"nutrientBasisQuantityUnit": {
								"code": "GRM",
								"value": "Gram"
							}
						}
					}
				],
				"sustainabilityInfoApplicable": true
			},
			{
				"id": "7300156586834",
				"type": "Product",
				"ean": "7300156586834",
				"name": "Middagskorv Vegansk",
				"manufacturerName": "COOP",
				"imageUrl": "http://res.cloudinary.com/coopsverige/image/upload/v1574850535/386064.tiff",
				"listOfIngredients": "INGREDIENSER: Vatten, rapsolja, förtjockningsmedel (E 407a, E 415, E 425, E 461), kryddor, modifierad stärkelse, ärtprotein, salt, potatisprotein, dextros, syra (E 270), surhetsreglerandemedel (E 327), rädiskoncentrat, citronfiber, arom, kryddextrakt, hydrolyserat majsprotein, glukossirap, karamellpulver.",
				"navCategories": [
					{
						"code": "33443",
						"name": "Vegetarisk korv",
						"superCategories": [
							{
								"code": "39047203",
								"name": "Färskt",
								"superCategories": [
									{
										"code": "39033900",
										"name": "Vegetariskt",
										"superCategories": []
									}
								]
							}
						]
					},
					{
						"code": "334602",
						"name": "Vegetarisk korv",
						"superCategories": [
							{
								"code": "156564441",
								"name": "Vegetariskt",
								"superCategories": [
									{
										"code": "5377683",
										"name": "Färdigmat & Mellanmål",
										"superCategories": []
									}
								]
							}
						]
					}
				],
				"maxStorageTemperature": "8",
				"packageSize": 300.0,
				"packageSizeInformation": "300 g",
				"packageSizeUnit": "Gram",
				"salesPrice": 33.95,
				"salesPriceData": {
					"b2cPrice": 33.95,
					"b2bPrice": 30.31
				},
				"piecePrice": 33.95,
				"piecePriceData": {
					"b2cPrice": 33.95,
					"b2bPrice": 30.31
				},
				"salesUnit": "Styck",
				"comparativePriceText": "kr/kg",
				"comparativePrice": 113.17,
				"comparativePriceData": {
					"b2cPrice": 113.17,
					"b2bPrice": 101.04
				},
				"articleSold": false,
				"deposit": 0.0,
				"depositData": {
					"b2cPrice": 0.0,
					"b2bPrice": 0.0
				},
				"vat": {
					"code": "vat-full-2",
					"value": 12.0,
					"type": "Percentage"
				},
				"nutrientLinks": [
					{
						"amount": [
							"215"
						],
						"description": "Energi",
						"unit": "Kilokalori"
					},
					{
						"amount": [
							"895"
						],
						"description": "Energi",
						"unit": "Kilojoule"
					},
					{
						"amount": [
							"17"
						],
						"description": "Fett",
						"unit": "Gram"
					},
					{
						"amount": [
							"1.3"
						],
						"description": "Varav mättat fett",
						"unit": "Gram"
					},
					{
						"amount": [
							"8"
						],
						"description": "Kolhydrat",
						"unit": "Gram"
					},
					{
						"amount": [
							"1.3"
						],
						"description": "Varav sockerarter",
						"unit": "Gram"
					},
					{
						"amount": [
							"4.2"
						],
						"description": "Fiber",
						"unit": "Gram"
					},
					{
						"amount": [
							"5.1"
						],
						"description": "Protein",
						"unit": "Gram"
					},
					{
						"amount": [
							"1.9"
						],
						"description": "Salt",
						"unit": "Gram"
					},
					{
						"amount": [
							"8.0"
						],
						"description": "Kolhydrat",
						"unit": "Gram"
					}
				],
				"animalFoodData": {},
				"allergyInfo": [
					{
						"code": "VEGAN"
					}
				],
				"fromSweden": false,
				"availableOnline": true,
				"countryOfOriginCodes": [
					{
						"code": "752",
						"value": "Sverige"
					}
				],
				"preparationInstructions": "TILLAGNING: Skiva korven och stek gyllene på medelvärme ca 2-3 minuter per sida.",
				"preparationInstructionsList": [
					"TILLAGNING: Skiva korven och stek gyllene på medelvärme ca 2-3 minuter per sida."
				],
				"isMagazine": false,
				"nutrientBasis": {
					"quantity": 100.0
				},
				"pharmaceuticalData": {
					"isPharmaceutical": false
				},
				"nutrientInformation": [
					{
						"header": {
							"nutrientBasisQuantity": 100.0,
							"nutrientBasisQuantityType": "BY_MEASURE",
							"nutrientBasisQuantityUnit": {
								"code": "GRM",
								"value": "Gram"
							}
						}
					}
				],
				"sustainabilityInfo": [
					{
						"productScore": [
							{
								"score": 2.0,
								"param": "Biologisk mångfald",
								"paramId": "biodiversity"
							},
							{
								"score": 1.5,
								"param": "Klimat",
								"paramId": "climate"
							},
							{
								"score": 1.5,
								"param": "Bördighet",
								"paramId": "soil_fertility"
							},
							{
								"score": 1.0,
								"param": "Vatten",
								"paramId": "water"
							},
							{
								"score": 1.5,
								"param": "Bekämpningsmedel",
								"paramId": "pesticides"
							},
							{
								"score": 1.5,
								"param": "Övergödning",
								"paramId": "eutrophication"
							},
							{
								"score": null,
								"param": "Djuromsorg och antibiotika",
								"paramId": "animal_welfare_antibiotics"
							},
							{
								"score": 1.0,
								"param": "Arbetsförhållanden",
								"paramId": "working_conditions"
							},
							{
								"score": 1.0,
								"param": "Lokalbefolkning",
								"paramId": "local_population"
							},
							{
								"score": 1.0,
								"param": "Lagefterlevnad och spårbarhet",
								"paramId": "compliance_traceability"
							}
						]
					}
				],
				"sustainabilityInfoApplicable": true
			},
			{
				"id": "7300201979000",
				"type": "Product",
				"ean": "7300201979000",
				"name": "Middagskorv Vegetarisk",
				"manufacturerName": "Scan",
				"description": "Scan Vego Middagskorv är en ovo-vegetarisk korv gjord på en bas av svenska ägg och rapsolja. Korven är varsamt kryddad med bl.a. lök, ingefära, koriander, muskot och vitlök. Går utmärkt att steka i skivor, strimla eller tärna. Ett perfekt vegetariskt alternativ till traditionell falukorv.",
				"imageUrl": "http://res.cloudinary.com/coopsverige/image/upload/v1645064117/cloud/247108.tiff",
				"listOfIngredients": "INGREDIENSER: ÄGGVITA 81%*, rapsolja*, vatten, förtjockningsmedel (E407: E410: E415), salt, potatismjöl*, kryddor (koriander, ingefära), druvsocker, konserveringsmedel (E202: E262), lök, kryddextrakt (muskot, vitlök, peppar), färgämne (koncentrat av rädisa, E160a), jästextrakt, arom, antioxidationsmedel (E300). Kokt Produkt. *Ursprung Sverige.",
				"navCategories": [
					{
						"code": "33443",
						"name": "Vegetarisk korv",
						"superCategories": [
							{
								"code": "39047203",
								"name": "Färskt",
								"superCategories": [
									{
										"code": "39033900",
										"name": "Vegetariskt",
										"superCategories": []
									}
								]
							}
						]
					},
					{
						"code": "334602",
						"name": "Vegetarisk korv",
						"superCategories": [
							{
								"code": "156564441",
								"name": "Vegetariskt",
								"superCategories": [
									{
										"code": "5377683",
										"name": "Färdigmat & Mellanmål",
										"superCategories": []
									}
								]
							}
						]
					}
				],
				"accreditedTags": [
					{
						"code": "FRAN_SVERIGE",
						"description": "Svenskt ursprung",
						"imageUrl": "https://res.cloudinary.com/coopsverige/image/upload/v1545316510/cooponline/Labels'/40px/grafik-m-rkning-bild-stor-fr-n-sverige.png",
						"priority": 300
					}
				],
				"maxStorageTemperature": "8",
				"packageSize": 300.0,
				"packageSizeInformation": "300 g",
				"packageSizeUnit": "Gram",
				"salesPrice": 38.95,
				"salesPriceData": {
					"b2cPrice": 38.95,
					"b2bPrice": 34.78
				},
				"piecePrice": 38.95,
				"piecePriceData": {
					"b2cPrice": 38.95,
					"b2bPrice": 34.78
				},
				"salesUnit": "Styck",
				"comparativePriceText": "kr/kg",
				"comparativePrice": 129.83,
				"comparativePriceData": {
					"b2cPrice": 129.83,
					"b2bPrice": 115.92
				},
				"articleSold": false,
				"deposit": 0.0,
				"depositData": {
					"b2cPrice": 0.0,
					"b2bPrice": 0.0
				},
				"vat": {
					"code": "vat-full-2",
					"value": 12.0,
					"type": "Percentage"
				},
				"nutrientLinks": [
					{
						"amount": [
							"720"
						],
						"description": "Energi",
						"unit": "Kilojoule"
					},
					{
						"amount": [
							"174"
						],
						"description": "Energi",
						"unit": "Kilokalori"
					},
					{
						"amount": [
							"14"
						],
						"description": "Fett",
						"unit": "Gram"
					},
					{
						"amount": [
							"0.9"
						],
						"description": "Varav mättat fett",
						"unit": "Gram"
					},
					{
						"amount": [
							"2"
						],
						"description": "Kolhydrat",
						"unit": "Gram"
					},
					{
						"amount": [
							"0.8"
						],
						"description": "Varav sockerarter",
						"unit": "Gram"
					},
					{
						"amount": [
							"8.6"
						],
						"description": "Protein",
						"unit": "Gram"
					},
					{
						"amount": [
							"3"
						],
						"description": "Salt",
						"unit": "Gram"
					}
				],
				"animalFoodData": {},
				"fromSweden": true,
				"availableOnline": true,
				"declarationOfOrigin": "Ursprungsland: Sverige",
				"countryOfOriginCodes": [
					{
						"code": "752",
						"value": "Sverige"
					}
				],
				"isMagazine": false,
				"nutrientBasis": {
					"quantity": 100.0
				},
				"pharmaceuticalData": {
					"isPharmaceutical": false
				},
				"nutrientInformation": [
					{
						"header": {
							"nutrientBasisQuantity": 100.0,
							"nutrientBasisQuantityType": "BY_MEASURE",
							"nutrientBasisQuantityUnit": {
								"code": "GRM",
								"value": "Gram"
							}
						}
					}
				],
				"sustainabilityInfoApplicable": true
			},
			{
				"id": "3073781176483",
				"type": "Product",
				"ean": "3073781176483",
				"name": "Mini Babybel Plantbased",
				"manufacturerName": "Mini Babybel",
				"imageUrl": "http://res.cloudinary.com/coopsverige/image/upload/v1720157738/cloud/370756.tiff",
				"listOfIngredients": "Ingredienser: Vatten/Vann/Vand, modifierad stärkelse/modifisert stivelse, kokosolja/kokosolje 18%, kalciumcitrat/kalsiumsitrat/calciumcitrat, salt, naturliga smaktillsatser/aroma/sagsstoffer, surhetsreglerande medel (citron/sitronsyra). Färgämne/Farge/Favestof (karotener/ karoten/carotener), vitamin B12.",
				"navCategories": [
					{
						"code": "33447",
						"name": "Övrig vegetariskt",
						"superCategories": [
							{
								"code": "39047203",
								"name": "Färskt",
								"superCategories": [
									{
										"code": "39033900",
										"name": "Vegetariskt",
										"superCategories": []
									}
								]
							}
						]
					},
					{
						"code": "334606",
						"name": "Övrig vegetariskt",
						"superCategories": [
							{
								"code": "156564441",
								"name": "Vegetariskt",
								"superCategories": [
									{
										"code": "5377683",
										"name": "Färdigmat & Mellanmål",
										"superCategories": []
									}
								]
							}
						]
					}
				],
				"accreditedTags": [
					{
						"code": "VEGAN_SOCIETY_VEGAN_LOGO"
					}
				],
				"maxStorageTemperature": "8",
				"packageSize": 100.0,
				"packageSizeInformation": "100 g",
				"packageSizeUnit": "Gram",
				"salesPrice": 33.95,
				"salesPriceData": {
					"b2cPrice": 33.95,
					"b2bPrice": 30.31
				},
				"piecePrice": 33.95,
				"piecePriceData": {
					"b2cPrice": 33.95,
					"b2bPrice": 30.31
				},
				"salesUnit": "Styck",
				"comparativePriceText": "kr/kg",
				"comparativePrice": 339.5,
				"comparativePriceData": {
					"b2cPrice": 339.5,
					"b2bPrice": 303.13
				},
				"articleSold": false,
				"deposit": 0.0,
				"depositData": {
					"b2cPrice": 0.0,
					"b2bPrice": 0.0
				},
				"vat": {
					"code": "vat-full-2",
					"value": 12.0,
					"type": "Percentage"
				},
				"nutrientLinks": [
					{
						"amount": [
							"248"
						],
						"description": "Energi",
						"unit": "Kilokalori"
					},
					{
						"amount": [
							"1032"
						],
						"description": "Energi",
						"unit": "Kilojoule"
					},
					{
						"amount": [
							"18"
						],
						"description": "Fett",
						"unit": "Gram"
					},
					{
						"amount": [
							"16"
						],
						"description": "Varav mättat fett",
						"unit": "Gram"
					},
					{
						"amount": [
							"21"
						],
						"description": "Kolhydrat",
						"unit": "Gram"
					},
					{
						"amount": [
							"0.5"
						],
						"description": "Varav sockerarter",
						"unit": "Gram"
					},
					{
						"amount": [
							"0.5"
						],
						"description": "Protein",
						"unit": "Gram"
					},
					{
						"amount": [
							"1.9"
						],
						"description": "Salt",
						"unit": "Gram"
					},
					{
						"amount": [
							"680"
						],
						"description": "Kalcium",
						"unit": "Milligram",
						"percentageOfDailyIntake": "85"
					},
					{
						"amount": [
							"1.5"
						],
						"description": "Vitamin B12",
						"unit": "Mikrogram",
						"percentageOfDailyIntake": "60"
					}
				],
				"animalFoodData": {},
				"fromSweden": false,
				"availableOnline": true,
				"countryOfOriginCodes": [
					{
						"code": "250",
						"value": "Frankrike"
					}
				],
				"nutritionalClaimData": {
					"nutritionalClaimTypeCode": {
						"code": "FREE_FROM",
						"value": "FREE_FROM"
					},
					"nutritionalClaimNutrientElementCode": {
						"code": "MILK",
						"value": "MILK"
					},
					"claimMarkedOnPackage": "TRUE"
				},
				"consumerInstructions": {
					"storageInstructions": "Förvaras i kylskåp"
				},
				"isMagazine": false,
				"nutrientBasis": {
					"quantity": 100.0
				},
				"pharmaceuticalData": {
					"isPharmaceutical": false
				},
				"nutrientInformation": [
					{
						"header": {
							"nutrientBasisQuantity": 100.0,
							"nutrientBasisQuantityType": "BY_MEASURE",
							"nutrientBasisQuantityUnit": {
								"code": "GRM",
								"value": "Gram"
							}
						}
					}
				],
				"regulatedProductName": "Produkt med vegetabiliskt fett med kokosnötolja och vitamin B12",
				"sustainabilityInfoApplicable": true
			},
			{
				"id": "7300156587862",
				"type": "Product",
				"ean": "7300156587862",
				"name": "Pasta Bolognese Vegan",
				"manufacturerName": "Coop",
				"imageUrl": "http://res.cloudinary.com/coopsverige/image/upload/v1711378400/cloud/339417.tiff",
				"listOfIngredients": "INGREDIENSER: Kokt pasta 40% (DURUMVETEMJÖL), krossade tomater (tomat, tomatjuice, surhetsreglerande medel (E 330)), ärtprotein 16%, lök 8%, morot 6%, tomatpuré, rapsolja, olivolja, grönsaksbuljong (salt, arom, maltodextrin, druvsocker, persilja, lök, kryddpeppar, purjolöksextrakt), vitlök, socker, salt, modifierad potatisstärkelse, basilika, potatisstärkelse, oregano, svartpeppar, rosmarin. Kan innehålla spår av senap och soja.",
				"navCategories": [
					{
						"code": "33438",
						"name": "Portionsrätter",
						"superCategories": [
							{
								"code": "39047203",
								"name": "Färskt",
								"superCategories": [
									{
										"code": "39033900",
										"name": "Vegetariskt",
										"superCategories": []
									}
								]
							}
						]
					}
				],
				"maxStorageTemperature": "8",
				"packageSize": 400.0,
				"packageSizeInformation": "400 g",
				"packageSizeUnit": "Gram",
				"salesPrice": 57.5,
				"salesPriceData": {
					"b2cPrice": 57.5,
					"b2bPrice": 51.34
				},
				"piecePrice": 57.5,
				"piecePriceData": {
					"b2cPrice": 57.5,
					"b2bPrice": 51.34
				},
				"salesUnit": "Styck",
				"comparativePriceText": "kr/kg",
				"comparativePrice": 143.75,
				"comparativePriceData": {
					"b2cPrice": 143.75,
					"b2bPrice": 128.35
				},
				"articleSold": false,
				"deposit": 0.0,
				"depositData": {
					"b2cPrice": 0.0,
					"b2bPrice": 0.0
				},
				"vat": {
					"code": "vat-full-2",
					"value": 12.0,
					"type": "Percentage"
				},
				"nutrientLinks": [
					{
						"amount": [
							"446"
						],
						"description": "Energi",
						"unit": "Kilojoule"
					},
					{
						"amount": [
							"107"
						],
						"description": "Energi",
						"unit": "Kilokalori"
					},
					{
						"amount": [
							"3.0"
						],
						"description": "Fett",
						"unit": "Gram"
					},
					{
						"amount": [
							"0.4"
						],
						"description": "Varav mättat fett",
						"unit": "Gram"
					},
					{
						"amount": [
							"14"
						],
						"description": "Kolhydrat",
						"unit": "Gram"
					},
					{
						"amount": [
							"3.5"
						],
						"description": "Varav sockerarter",
						"unit": "Gram"
					},
					{
						"amount": [
							"4.5"
						],
						"description": "Protein",
						"unit": "Gram"
					},
					{
						"amount": [
							"0.95"
						],
						"description": "Salt",
						"unit": "Gram"
					}
				],
				"animalFoodData": {},
				"allergyInfo": [
					{
						"code": "VEGETARIAN"
					}
				],
				"fromSweden": false,
				"availableOnline": true,
				"countryOfOriginCodes": [
					{
						"code": "752",
						"value": "Sverige"
					}
				],
				"preparationInstructions": "TILLAGNING: Ta av pappersetiketten. Stick ej hål i plasten. Värm på max effekt i mikron tills ventilen på rätten piper, ca 3-4 minuter. Kan även värmas i kokande vatten 10 minuter.",
				"preparationInstructionsList": [
					"TILLAGNING: Ta av pappersetiketten. Stick ej hål i plasten. Värm på max effekt i mikron tills ventilen på rätten piper, ca 3-4 minuter. Kan även värmas i kokande vatten 10 minuter."
				],
				"isMagazine": false,
				"nutrientBasis": {
					"quantity": 100.0
				},
				"pharmaceuticalData": {
					"isPharmaceutical": false
				},
				"nutrientInformation": [
					{
						"header": {
							"nutrientBasisQuantity": 100.0,
							"nutrientBasisQuantityType": "BY_MEASURE",
							"nutrientBasisQuantityUnit": {
								"code": "GRM",
								"value": "Gram"
							}
						}
					}
				],
				"sustainabilityInfo": [
					{
						"productScore": [
							{
								"score": 4.0,
								"param": "Biologisk mångfald",
								"paramId": "biodiversity"
							},
							{
								"score": 2.0,
								"param": "Klimat",
								"paramId": "climate"
							},
							{
								"score": 3.0,
								"param": "Bördighet",
								"paramId": "soil_fertility"
							},
							{
								"score": 3.0,
								"param": "Vatten",
								"paramId": "water"
							},
							{
								"score": 3.0,
								"param": "Bekämpningsmedel",
								"paramId": "pesticides"
							},
							{
								"score": 3.0,
								"param": "Övergödning",
								"paramId": "eutrophication"
							},
							{
								"score": null,
								"param": "Djuromsorg och antibiotika",
								"paramId": "animal_welfare_antibiotics"
							},
							{
								"score": 2.5,
								"param": "Arbetsförhållanden",
								"paramId": "working_conditions"
							},
							{
								"score": 3.5,
								"param": "Lokalbefolkning",
								"paramId": "local_population"
							},
							{
								"score": 2.5,
								"param": "Lagefterlevnad och spårbarhet",
								"paramId": "compliance_traceability"
							}
						]
					}
				],
				"sustainabilityInfoApplicable": true
			},
			{
				"id": "7310941801202",
				"type": "Product",
				"ean": "7310941801202",
				"name": "Pastej Karl Johansvamp Vegan",
				"manufacturerName": "Pastejköket",
				"description": "Bredbar, smakrik och krämig pastej gjord på ärtprotein kryddad med Karl Johanssvamp. 100% vegetarisk / vegansk. Tillverkad i Sverige.",
				"imageUrl": "http://res.cloudinary.com/coopsverige/image/upload/v1662645236/cloud/258506.tiff",
				"listOfIngredients": "Vatten, rapsolja, stärkelse/stivelse (ris, majs), ärtprotein/erteprotein (4,5%), jästextrakt/gjærekstrakt, ärtfiber/ertefiber, salt, druvsocker, karamelliserat socker, lökpulver, purjolökspulver/purreløkpulver, glukossirap/glukosesirup, kryddor (bl.a. vitpeppar, ingefära, kardemumma, paprikapulver, persilja, svartpeppar, cayennepeppar), svampgranulat/soppgranulat (Karljohansvamp/Steinsopp), arom, grönsaksbuljongpulver.",
				"navCategories": [
					{
						"code": "334507",
						"name": "Pastej",
						"superCategories": [
							{
								"code": "7512",
								"name": "Pålägg & Deli",
								"superCategories": [
									{
										"code": "11777",
										"name": "Kött, Fågel & Chark",
										"superCategories": []
									}
								]
							}
						]
					},
					{
						"code": "33439",
						"name": "Pålägg",
						"superCategories": [
							{
								"code": "39047203",
								"name": "Färskt",
								"superCategories": [
									{
										"code": "39033900",
										"name": "Vegetariskt",
										"superCategories": []
									}
								]
							}
						]
					}
				],
				"maxStorageTemperature": "8",
				"packageSize": 200.0,
				"packageSizeInformation": "200 g",
				"packageSizeUnit": "Gram",
				"salesPrice": 21.5,
				"salesPriceData": {
					"b2cPrice": 21.5,
					"b2bPrice": 19.2
				},
				"piecePrice": 21.5,
				"piecePriceData": {
					"b2cPrice": 21.5,
					"b2bPrice": 19.2
				},
				"salesUnit": "Styck",
				"comparativePriceText": "kr/kg",
				"comparativePrice": 107.5,
				"comparativePriceData": {
					"b2cPrice": 107.5,
					"b2bPrice": 95.98
				},
				"articleSold": false,
				"deposit": 0.0,
				"depositData": {
					"b2cPrice": 0.0,
					"b2bPrice": 0.0
				},
				"vat": {
					"code": "vat-full-2",
					"value": 12.0,
					"type": "Percentage"
				},
				"nutrientLinks": [
					{
						"amount": [
							"250"
						],
						"description": "Energi",
						"unit": "Kilokalori"
					},
					{
						"amount": [
							"1050"
						],
						"description": "Energi",
						"unit": "Kilojoule"
					},
					{
						"amount": [
							"20"
						],
						"description": "Fett",
						"unit": "Gram"
					},
					{
						"amount": [
							"1.4"
						],
						"description": "Varav mättat fett",
						"unit": "Gram"
					},
					{
						"amount": [
							"12"
						],
						"description": "Kolhydrat",
						"unit": "Gram"
					},
					{
						"amount": [
							"1.3"
						],
						"description": "Varav sockerarter",
						"unit": "Gram"
					},
					{
						"amount": [
							"4.9"
						],
						"description": "Protein",
						"unit": "Gram"
					},
					{
						"amount": [
							"1.3"
						],
						"description": "Salt",
						"unit": "Gram"
					}
				],
				"animalFoodData": {},
				"fromSweden": false,
				"availableOnline": true,
				"countryOfOriginCodes": [
					{
						"code": "752",
						"value": "Sverige"
					}
				],
				"consumerInstructions": {
					"storageInstructions": "Kylvara: Förvaras vid högst +8°C.",
					"usageInstructions": "Öppnad förpackning högst +8°C, 5-7 dagar."
				},
				"shortTradeItemMarketingMessage": {
					"seq1": "Bredbar, smakrik och krämig pastej gjord på ärtprotein kryddad med Karl Johanssvamp. 100% vegetarisk / vegansk. Tillverkad i Sverige."
				},
				"preparationInstructions": "Ätfärdig.",
				"preparationInstructionsList": [
					"Ätfärdig."
				],
				"isMagazine": false,
				"nutrientBasis": {
					"quantity": 100.0
				},
				"pharmaceuticalData": {
					"isPharmaceutical": false
				},
				"nutrientInformation": [
					{
						"header": {
							"nutrientBasisQuantity": 100.0,
							"nutrientBasisQuantityType": "BY_MEASURE",
							"nutrientBasisQuantityUnit": {
								"code": "GRM",
								"value": "Gram"
							}
						}
					}
				],
				"sustainabilityInfo": [
					{
						"productScore": [
							{
								"score": 2.5,
								"param": "Biologisk mångfald",
								"paramId": "biodiversity"
							},
							{
								"score": 1.5,
								"param": "Klimat",
								"paramId": "climate"
							},
							{
								"score": 1.5,
								"param": "Bördighet",
								"paramId": "soil_fertility"
							},
							{
								"score": 2.0,
								"param": "Vatten",
								"paramId": "water"
							},
							{
								"score": 2.0,
								"param": "Bekämpningsmedel",
								"paramId": "pesticides"
							},
							{
								"score": 2.0,
								"param": "Övergödning",
								"paramId": "eutrophication"
							},
							{
								"score": null,
								"param": "Djuromsorg och antibiotika",
								"paramId": "animal_welfare_antibiotics"
							},
							{
								"score": 2.0,
								"param": "Arbetsförhållanden",
								"paramId": "working_conditions"
							},
							{
								"score": 2.0,
								"param": "Lokalbefolkning",
								"paramId": "local_population"
							},
							{
								"score": 2.0,
								"param": "Lagefterlevnad och spårbarhet",
								"paramId": "compliance_traceability"
							}
						]
					}
				],
				"regulatedProductName": "Bredbar vegansk pastej",
				"sustainabilityInfoApplicable": true
			},
			{
				"id": "4005514174014",
				"type": "Product",
				"ean": "4005514174014",
				"name": "Pastej Vegetarisk Eko",
				"manufacturerName": "Tartex",
				"description": "Tartex Classic är en ekologisk veganskt pastej som innehåller endast naturliga ingredienser. Den är baserad på näringsjäst, är glutenfri och innehåller icke-härdade fetter och oljor. Tartex ekologiska pastejer är jättegoda på smörgåsen, på kex och även som smaksättare i såser.",
				"imageUrl": "http://res.cloudinary.com/coopsverige/image/upload/v1713171428/cloud/344498.tiff",
				"listOfIngredients": "Ingredienser: Vatten, näringsjäst*, kokosolja*, potatisstärkelse*, solrosolja* (9%), havssalt, tomatpuré*, jästextrakt*. *ekologisk ingrediens.",
				"navCategories": [
					{
						"code": "33439",
						"name": "Pålägg",
						"superCategories": [
							{
								"code": "39047203",
								"name": "Färskt",
								"superCategories": [
									{
										"code": "39033900",
										"name": "Vegetariskt",
										"superCategories": []
									}
								]
							}
						]
					}
				],
				"accreditedTags": [
					{
						"code": "EU_ORGANIC_FARMING",
						"description": "EU Ekologiskt jordbruk",
						"imageUrl": "https://res.cloudinary.com/coopsverige/image/upload/cooponline/produktmarkning/EUOrganicFarmingLogo.jpg",
						"priority": 210
					}
				],
				"packageSize": 200.0,
				"packageSizeInformation": "200g",
				"packageSizeUnit": "Gram",
				"salesPrice": 39.95,
				"salesPriceData": {
					"b2cPrice": 39.95,
					"b2bPrice": 35.67
				},
				"piecePrice": 39.95,
				"piecePriceData": {
					"b2cPrice": 39.95,
					"b2bPrice": 35.67
				},
				"salesUnit": "Styck",
				"comparativePriceText": "kr/kg",
				"comparativePrice": 199.75,
				"comparativePriceData": {
					"b2cPrice": 199.75,
					"b2bPrice": 178.35
				},
				"articleSold": false,
				"deposit": 0.0,
				"depositData": {
					"b2cPrice": 0.0,
					"b2bPrice": 0.0
				},
				"vat": {
					"code": "vat-full-2",
					"value": 12.0,
					"type": "Percentage"
				},
				"nutrientLinks": [
					{
						"amount": [
							"983"
						],
						"description": "Energi",
						"unit": "Kilojoule"
					},
					{
						"amount": [
							"238"
						],
						"description": "Energi",
						"unit": "Kilokalori"
					},
					{
						"amount": [
							"20"
						],
						"description": "Fett",
						"unit": "Gram"
					},
					{
						"amount": [
							"10"
						],
						"description": "Varav mättat fett",
						"unit": "Gram"
					},
					{
						"amount": [
							"8.0"
						],
						"description": "Kolhydrat",
						"unit": "Gram"
					},
					{
						"amount": [
							"0.5"
						],
						"description": "Varav sockerarter",
						"unit": "Gram"
					},
					{
						"amount": [
							"4.5"
						],
						"description": "Protein",
						"unit": "Gram"
					},
					{
						"amount": [
							"1.4"
						],
						"description": "Salt",
						"unit": "Gram"
					}
				],
				"animalFoodData": {},
				"fromSweden": false,
				"availableOnline": true,
				"countryOfOriginCodes": [
					{
						"code": "276",
						"value": "Tyskland"
					}
				],
				"nutritionalClaimData": {
					"nutritionalClaimTypeCode": {
						"code": "FREE_FROM",
						"value": "FREE_FROM"
					},
					"nutritionalClaimNutrientElementCode": {
						"code": "GLUTEN",
						"value": "GLUTEN"
					},
					"claimMarkedOnPackage": "TRUE"
				},
				"isMagazine": false,
				"nutrientBasis": {
					"quantity": 100.0
				},
				"pharmaceuticalData": {
					"isPharmaceutical": false
				},
				"nutrientInformation": [
					{
						"header": {
							"nutrientBasisQuantity": 100.0,
							"nutrientBasisQuantityType": "BY_MEASURE",
							"nutrientBasisQuantityUnit": {
								"code": "GRM",
								"value": "Gram"
							}
						}
					}
				],
				"sustainabilityInfoApplicable": true
			},
			{
				"id": "4005514174007",
				"type": "Product",
				"ean": "4005514174007",
				"name": "Pastej Örter Eko",
				"manufacturerName": "Tartex",
				"description": "Tartex Örter är en ekologisk veganskt pastej som innehåller endast naturliga ingredienser smaksatt med örter. Den är baserad på näringsjäst, är glutenfri och innehåller icke-härdade fetter och oljor. Tartex ekologiska pastejer är jättegoda på smörgåsen, på kex och även som smaksättare i såser.",
				"imageUrl": "http://res.cloudinary.com/coopsverige/image/upload/v1669292999/cloud/267599.tiff",
				"listOfIngredients": "Ingredienser: Vatten, näringsjäst*, kokosolja*, solrosolja*, potatisstärkelse*, purjolök*, örter*(3%) (persilja* 1,8%, gräslök* 1,2%) havssalt, tomatpuré*, jästextrakt*. *ekologisk ingrediens.",
				"navCategories": [
					{
						"code": "334507",
						"name": "Pastej",
						"superCategories": [
							{
								"code": "7512",
								"name": "Pålägg & Deli",
								"superCategories": [
									{
										"code": "11777",
										"name": "Kött, Fågel & Chark",
										"superCategories": []
									}
								]
							}
						]
					},
					{
						"code": "33439",
						"name": "Pålägg",
						"superCategories": [
							{
								"code": "39047203",
								"name": "Färskt",
								"superCategories": [
									{
										"code": "39033900",
										"name": "Vegetariskt",
										"superCategories": []
									}
								]
							}
						]
					}
				],
				"accreditedTags": [
					{
						"code": "EU_ORGANIC_FARMING",
						"description": "EU Ekologiskt jordbruk",
						"imageUrl": "https://res.cloudinary.com/coopsverige/image/upload/cooponline/produktmarkning/EUOrganicFarmingLogo.jpg",
						"priority": 210
					}
				],
				"packageSize": 200.0,
				"packageSizeInformation": "200g",
				"packageSizeUnit": "Gram",
				"salesPrice": 39.95,
				"salesPriceData": {
					"b2cPrice": 39.95,
					"b2bPrice": 35.67
				},
				"piecePrice": 39.95,
				"piecePriceData": {
					"b2cPrice": 39.95,
					"b2bPrice": 35.67
				},
				"salesUnit": "Styck",
				"comparativePriceText": "kr/kg",
				"comparativePrice": 199.75,
				"comparativePriceData": {
					"b2cPrice": 199.75,
					"b2bPrice": 178.35
				},
				"articleSold": false,
				"deposit": 0.0,
				"depositData": {
					"b2cPrice": 0.0,
					"b2bPrice": 0.0
				},
				"vat": {
					"code": "vat-full-2",
					"value": 12.0,
					"type": "Percentage"
				},
				"nutrientLinks": [
					{
						"amount": [
							"987"
						],
						"description": "Energi",
						"unit": "Kilojoule"
					},
					{
						"amount": [
							"238"
						],
						"description": "Energi",
						"unit": "Kilokalori"
					},
					{
						"amount": [
							"20"
						],
						"description": "Fett",
						"unit": "Gram"
					},
					{
						"amount": [
							"14"
						],
						"description": "Varav mättat fett",
						"unit": "Gram"
					},
					{
						"amount": [
							"8.5"
						],
						"description": "Kolhydrat",
						"unit": "Gram"
					},
					{
						"amount": [
							"0.5"
						],
						"description": "Varav sockerarter",
						"unit": "Gram"
					},
					{
						"amount": [
							"4.4"
						],
						"description": "Protein",
						"unit": "Gram"
					},
					{
						"amount": [
							"1.5"
						],
						"description": "Salt",
						"unit": "Gram"
					}
				],
				"animalFoodData": {},
				"fromSweden": false,
				"availableOnline": true,
				"countryOfOriginCodes": [
					{
						"code": "276",
						"value": "Tyskland"
					}
				],
				"nutritionalClaimData": {
					"nutritionalClaimTypeCode": {
						"code": "FREE_FROM",
						"value": "FREE_FROM"
					},
					"nutritionalClaimNutrientElementCode": {
						"code": "GLUTEN",
						"value": "GLUTEN"
					},
					"claimMarkedOnPackage": "TRUE"
				},
				"isMagazine": false,
				"nutrientBasis": {
					"quantity": 100.0
				},
				"pharmaceuticalData": {
					"isPharmaceutical": false
				},
				"nutrientInformation": [
					{
						"header": {
							"nutrientBasisQuantity": 100.0,
							"nutrientBasisQuantityType": "BY_MEASURE",
							"nutrientBasisQuantityUnit": {
								"code": "GRM",
								"value": "Gram"
							}
						}
					}
				],
				"sustainabilityInfoApplicable": true
			},
			{
				"id": "7622201733681",
				"type": "Product",
				"ean": "7622201733681",
				"name": "Philadelphia Plantbaserad",
				"manufacturerName": "Philadelphia",
				"description": "Philadelphia Plant Based är tillverkad med mandel och havre – lika god och krämig som Originalet men helt växtbaserad. Perfekt på smörgåsen, i matlagning och i desserter. Se våra recept för mer inspiration. Lämplig för veganer.",
				"imageUrl": "http://res.cloudinary.com/coopsverige/image/upload/v1674109654/cloud/271918.tiff",
				"listOfIngredients": "Ingredienser: vatten/vand, kokosolja, MANDELPROTEIN (6%), HAVREKLI/HAVREKLID (3%), salt, stabiliseringsmedel/stabilisator (fruktkärnmjöl/johannesbrødkernemel), vegansk bakteriekultur. KAN INNEHÅLLA ANDRA NÖTTER./KAN INDEHOLDE ANDRE NØDDER./KAN INNEHOLDE ANDRE NØTTER.",
				"navCategories": [
					{
						"code": "334637",
						"name": "Färskost",
						"superCategories": [
							{
								"code": "6335",
								"name": "Påläggsost",
								"superCategories": [
									{
										"code": "6327",
										"name": "Ost",
										"superCategories": []
									}
								]
							}
						]
					},
					{
						"code": "334649",
						"name": "Färskost",
						"superCategories": [
							{
								"code": "32462",
								"name": "Matlagningsost",
								"superCategories": [
									{
										"code": "6327",
										"name": "Ost",
										"superCategories": []
									}
								]
							}
						]
					},
					{
						"code": "33439",
						"name": "Pålägg",
						"superCategories": [
							{
								"code": "39047203",
								"name": "Färskt",
								"superCategories": [
									{
										"code": "39033900",
										"name": "Vegetariskt",
										"superCategories": []
									}
								]
							}
						]
					}
				],
				"maxStorageTemperature": "8",
				"packageSize": 145.0,
				"packageSizeInformation": "145 g",
				"packageSizeUnit": "Gram",
				"salesPrice": 28.5,
				"salesPriceData": {
					"b2cPrice": 28.5,
					"b2bPrice": 25.45
				},
				"piecePrice": 28.5,
				"piecePriceData": {
					"b2cPrice": 28.5,
					"b2bPrice": 25.45
				},
				"salesUnit": "Styck",
				"comparativePriceText": "kr/kg",
				"comparativePrice": 196.55,
				"comparativePriceData": {
					"b2cPrice": 196.55,
					"b2bPrice": 175.49
				},
				"articleSold": false,
				"deposit": 0.0,
				"depositData": {
					"b2cPrice": 0.0,
					"b2bPrice": 0.0
				},
				"vat": {
					"code": "vat-full-2",
					"value": 12.0,
					"type": "Percentage"
				},
				"nutrientLinks": [
					{
						"amount": [
							"899"
						],
						"description": "Energi",
						"unit": "Kilojoule"
					},
					{
						"amount": [
							"218"
						],
						"description": "Energi",
						"unit": "Kilokalori"
					},
					{
						"amount": [
							"21"
						],
						"description": "Fett",
						"unit": "Gram"
					},
					{
						"amount": [
							"17"
						],
						"description": "Varav mättat fett",
						"unit": "Gram"
					},
					{
						"amount": [
							"2.2"
						],
						"description": "Kolhydrat",
						"unit": "Gram"
					},
					{
						"amount": [
							"1.2"
						],
						"description": "Varav sockerarter",
						"unit": "Gram"
					},
					{
						"amount": [
							"1.5"
						],
						"description": "Fiber",
						"unit": "Gram"
					},
					{
						"amount": [
							"3.3"
						],
						"description": "Protein",
						"unit": "Gram"
					},
					{
						"amount": [
							"0.76"
						],
						"description": "Salt",
						"unit": "Gram"
					}
				],
				"animalFoodData": {},
				"allergyInfo": [
					{
						"code": "VEGAN"
					}
				],
				"onlinePromotions": [
					{
						"id": "v.5 2025 PHILADELPHIA",
						"price": 35.0,
						"priceData": {
							"b2cPrice": 35.0,
							"b2bPrice": 31.25
						},
						"startDate": "2025-01-26T23:00:00Z",
						"endDate": "2025-02-02T23:00:00Z",
						"message": "2 för 35kr",
						"type": "MULTI_BUY_FIXED_PRICE",
						"numberOfProductRequired": 2,
						"medMeraRequired": false,
						"priority": 1000
					},
					{
						"id": "016001_31483",
						"price": 35.0,
						"priceData": {
							"b2cPrice": 35.0,
							"b2bPrice": 31.25
						},
						"startDate": "2025-01-26T23:00:00Z",
						"endDate": "2025-02-02T23:00:00Z",
						"message": "2 Philadelphia 35 kr-2 för 35:-",
						"type": "MULTI_BUY_FIXED_PRICE",
						"numberOfProductRequired": 2,
						"medMeraRequired": false,
						"priority": 910
					}
				],
				"fromSweden": false,
				"availableOnline": true,
				"countryOfOriginCodes": [
					{
						"code": "097",
						"value": "Europeiska unionen"
					}
				],
				"consumerInstructions": {
					"storageInstructions": "Förvaras i kylskåp (1-8°C)",
					"usageInstructions": "Förvaras i kylskåp (1-8°C)"
				},
				"compulsoryAdditiveLabelInformation": "Plant based, Vegan",
				"isMagazine": false,
				"nutrientBasis": {
					"quantity": 100.0
				},
				"pharmaceuticalData": {
					"isPharmaceutical": false
				},
				"nutrientInformation": [
					{
						"header": {
							"nutrientBasisQuantity": 100.0,
							"nutrientBasisQuantityType": "BY_MEASURE",
							"nutrientBasisQuantityUnit": {
								"code": "GRM",
								"value": "Gram"
							}
						}
					}
				],
				"regulatedProductName": "Växtbaserad pålägg med mandel och havre, vegansk",
				"sustainabilityInfoApplicable": true
			},
			{
				"id": "7350122280082",
				"type": "Product",
				"ean": "7350122280082",
				"name": "Pulled Seitan Kebab",
				"manufacturerName": "Edgy Veggie",
				"description": "Tunna strimlor seitankebab smaksatt med paprika, chili och oregano. Tillaga på medelhög värme i stekpanna och servera till allt ifrån pizzor, sallader och mackor. Vår favorit är den omtyckta kebabpizzan toppad med seitankebab, heta feferonis och vitlökssås.",
				"imageUrl": "http://res.cloudinary.com/coopsverige/image/upload/v1667481839/cloud/265612.tiff",
				"listOfIngredients": "Seitan (Vatten, VETEGLUTEN, HAVREGRYN, Lökpulver, Vitlökspulver, Paprikapulver, Salt) Kryddor (salt, ingefära, paprikapulver, chilipulver, spiskummin, oregano, svartpeppar, timjan, kryddnejlika, kummin, cayennepeppar, muskotnöt, druvsocker, potatisflingor, potatisstärkelse)",
				"navCategories": [
					{
						"code": "33447",
						"name": "Övrig vegetariskt",
						"superCategories": [
							{
								"code": "39047203",
								"name": "Färskt",
								"superCategories": [
									{
										"code": "39033900",
										"name": "Vegetariskt",
										"superCategories": []
									}
								]
							}
						]
					}
				],
				"accreditedTags": [
					{
						"code": "EUROPEAN_V_LABEL_VEGAN"
					},
					{
						"code": "FOREST_STEWARDSHIP_COUNCIL_MIX"
					},
					{
						"code": "FRAN_SVERIGE",
						"description": "Svenskt ursprung",
						"imageUrl": "https://res.cloudinary.com/coopsverige/image/upload/v1545316510/cooponline/Labels'/40px/grafik-m-rkning-bild-stor-fr-n-sverige.png",
						"priority": 300
					}
				],
				"packageSize": 250.0,
				"packageSizeInformation": "250 g",
				"packageSizeUnit": "Gram",
				"salesPrice": 46.5,
				"salesPriceData": {
					"b2cPrice": 46.5,
					"b2bPrice": 41.52
				},
				"piecePrice": 46.5,
				"piecePriceData": {
					"b2cPrice": 46.5,
					"b2bPrice": 41.52
				},
				"salesUnit": "Styck",
				"comparativePriceText": "kr/kg",
				"comparativePrice": 186.0,
				"comparativePriceData": {
					"b2cPrice": 186.0,
					"b2bPrice": 166.07
				},
				"articleSold": false,
				"deposit": 0.0,
				"depositData": {
					"b2cPrice": 0.0,
					"b2bPrice": 0.0
				},
				"vat": {
					"code": "vat-full-2",
					"value": 12.0,
					"type": "Percentage"
				},
				"nutrientLinks": [
					{
						"amount": [
							"145.15"
						],
						"description": "Energi",
						"unit": "Kilokalori"
					},
					{
						"amount": [
							"606.7"
						],
						"description": "Energi",
						"unit": "Kilojoule"
					},
					{
						"amount": [
							"1.31"
						],
						"description": "Fett",
						"unit": "Gram"
					},
					{
						"amount": [
							"0.18"
						],
						"description": "Varav mättat fett",
						"unit": "Gram"
					},
					{
						"amount": [
							"9.77"
						],
						"description": "Kolhydrat",
						"unit": "Gram"
					},
					{
						"amount": [
							"1.25"
						],
						"description": "Varav sockerarter",
						"unit": "Gram"
					},
					{
						"amount": [
							"1.18"
						],
						"description": "Fiber",
						"unit": "Gram"
					},
					{
						"amount": [
							"23.23"
						],
						"description": "Protein",
						"unit": "Gram"
					},
					{
						"amount": [
							"2.83"
						],
						"description": "Salt",
						"unit": "Gram"
					}
				],
				"animalFoodData": {},
				"allergyInfo": [
					{
						"code": "VEGAN"
					}
				],
				"fromSweden": true,
				"availableOnline": true,
				"countryOfOriginCodes": [
					{
						"code": "752",
						"value": "Sverige"
					}
				],
				"preparationInstructions": "Medelhög värme, 4-5'",
				"preparationInstructionsList": [
					"Medelhög värme, 4-5'"
				],
				"isMagazine": false,
				"nutrientBasis": {
					"quantity": 100.0
				},
				"pharmaceuticalData": {
					"isPharmaceutical": false
				},
				"nutrientInformation": [
					{
						"header": {
							"nutrientBasisQuantity": 100.0,
							"nutrientBasisQuantityType": "BY_MEASURE",
							"nutrientBasisQuantityUnit": {
								"code": "GRM",
								"value": "Gram"
							}
						}
					}
				],
				"sustainabilityInfoApplicable": true
			},
			{
				"id": "7340012593002",
				"type": "Product",
				"ean": "7340012593002",
				"name": "Pålägg Salame",
				"manufacturerName": "Windau",
				"imageUrl": "http://res.cloudinary.com/coopsverige/image/upload/v1657189540/cloud/255442.tiff",
				"listOfIngredients": "Ingredienser: Vatten, rapsolja*, potatisprotein 8%,\närtprotein 7%, förtjockningsmedel:\nkarragenan, konjakrot, methyl cellulose, guarkärnmjöl; stärkelse, linfrömjöl, naturliga färgämne: paprikajuicekoncentrat, bockhornsklöverextrakt\nrödbetsjuice; aromer, paprika, palsternacka, sackaros, färgämne E172, KORNMALTextrakt.",
				"navCategories": [
					{
						"code": "33439",
						"name": "Pålägg",
						"superCategories": [
							{
								"code": "39047203",
								"name": "Färskt",
								"superCategories": [
									{
										"code": "39033900",
										"name": "Vegetariskt",
										"superCategories": []
									}
								]
							}
						]
					}
				],
				"maxStorageTemperature": "7",
				"packageSize": 80.0,
				"packageSizeInformation": "Slices",
				"packageSizeUnit": "Gram",
				"salesPrice": 19.95,
				"salesPriceData": {
					"b2cPrice": 19.95,
					"b2bPrice": 17.81
				},
				"piecePrice": 19.95,
				"piecePriceData": {
					"b2cPrice": 19.95,
					"b2bPrice": 17.81
				},
				"salesUnit": "Styck",
				"comparativePriceText": "kr/kg",
				"comparativePrice": 249.38,
				"comparativePriceData": {
					"b2cPrice": 249.38,
					"b2bPrice": 222.66
				},
				"articleSold": false,
				"deposit": 0.0,
				"depositData": {
					"b2cPrice": 0.0,
					"b2bPrice": 0.0
				},
				"vat": {
					"code": "vat-full-2",
					"value": 12.0,
					"type": "Percentage"
				},
				"nutrientLinks": [
					{
						"amount": [
							"894"
						],
						"description": "Energi",
						"unit": "Kilojoule"
					},
					{
						"amount": [
							"216"
						],
						"description": "Energi",
						"unit": "Kilokalori"
					},
					{
						"amount": [
							"19.0"
						],
						"description": "Fett",
						"unit": "Gram"
					},
					{
						"amount": [
							"1.1"
						],
						"description": "Varav mättat fett",
						"unit": "Gram"
					},
					{
						"amount": [
							"5.5"
						],
						"description": "Kolhydrat",
						"unit": "Gram"
					},
					{
						"amount": [
							"3.5"
						],
						"description": "Varav sockerarter",
						"unit": "Gram"
					},
					{
						"amount": [
							"1.5"
						],
						"description": "Fiber",
						"unit": "Gram"
					},
					{
						"amount": [
							"5.0"
						],
						"description": "Protein",
						"unit": "Gram"
					},
					{
						"amount": [
							"2.1"
						],
						"description": "Salt",
						"unit": "Gram"
					}
				],
				"animalFoodData": {},
				"fromSweden": false,
				"availableOnline": true,
				"periodSafeToUseAfterOpening": 3.0,
				"isMagazine": false,
				"nutrientBasis": {
					"quantity": 100.0
				},
				"pharmaceuticalData": {
					"isPharmaceutical": false
				},
				"nutrientInformation": [
					{
						"header": {
							"nutrientBasisQuantity": 100.0,
							"nutrientBasisQuantityType": "BY_MEASURE",
							"nutrientBasisQuantityUnit": {
								"code": "GRM",
								"value": "Gram"
							}
						}
					}
				],
				"sustainabilityInfoApplicable": true
			},
			{
				"id": "7394376616327",
				"type": "Product",
				"ean": "7394376616327",
				"name": "Påmackan Naturell",
				"manufacturerName": "Oatly",
				"description": "Ett helt vegetabilisk pålägg. Naturell smak som funkar lika bra på mackan som i varm matlagning.",
				"imageUrl": "http://res.cloudinary.com/coopsverige/image/upload/v1604324562/411303.tiff",
				"listOfIngredients": "INGREDIENSER: Syrad havrebas (vatten/vann, HAVRE), rapsolja, fullhärdade/fullstendig hydrogenert/helt hærdet vegetabiliska oljor (kokos, raps), potatisstärkelse/potet-/kartoffelstivelse, potatis-/potet-/kartoffelprotein, joderat salt, stabiliseringsmedel (pektin), syra (äppelsyra, mjölksyra).",
				"navCategories": [
					{
						"code": "33439",
						"name": "Pålägg",
						"superCategories": [
							{
								"code": "39047203",
								"name": "Färskt",
								"superCategories": [
									{
										"code": "39033900",
										"name": "Vegetariskt",
										"superCategories": []
									}
								]
							}
						]
					}
				],
				"maxStorageTemperature": "8",
				"packageSize": 150.0,
				"packageSizeInformation": "150 g",
				"packageSizeUnit": "Gram",
				"salesPrice": 23.5,
				"salesPriceData": {
					"b2cPrice": 23.5,
					"b2bPrice": 20.68
				},
				"piecePrice": 23.5,
				"piecePriceData": {
					"b2cPrice": 23.5,
					"b2bPrice": 20.68
				},
				"salesUnit": "Styck",
				"comparativePriceText": "kr/kg",
				"comparativePrice": 156.67,
				"comparativePriceData": {
					"b2cPrice": 156.67,
					"b2bPrice": 137.87
				},
				"articleSold": false,
				"deposit": 0.0,
				"depositData": {
					"b2cPrice": 0.0,
					"b2bPrice": 0.0
				},
				"vat": {
					"code": "vat-full-2",
					"value": 12.0,
					"type": "Percentage"
				},
				"nutrientLinks": [
					{
						"amount": [
							"234"
						],
						"description": "Energi",
						"unit": "Kilokalori"
					},
					{
						"amount": [
							"970"
						],
						"description": "Energi",
						"unit": "Kilojoule"
					},
					{
						"amount": [
							"20"
						],
						"description": "Fett",
						"unit": "Gram"
					},
					{
						"amount": [
							"8"
						],
						"description": "Varav mättat fett",
						"unit": "Gram"
					},
					{
						"amount": [
							"9.9"
						],
						"description": "Kolhydrat",
						"unit": "Gram"
					},
					{
						"amount": [
							"3.6"
						],
						"description": "Varav sockerarter",
						"unit": "Gram"
					},
					{
						"amount": [
							"0.9"
						],
						"description": "Fiber",
						"unit": "Gram"
					},
					{
						"amount": [
							"3.2"
						],
						"description": "Protein",
						"unit": "Gram"
					},
					{
						"amount": [
							"0.72"
						],
						"description": "Salt",
						"unit": "Gram"
					}
				],
				"animalFoodData": {},
				"fromSweden": false,
				"availableOnline": true,
				"countryOfOriginCodes": [
					{
						"code": "752",
						"value": "Sverige"
					}
				],
				"nutritionalClaimData": {
					"nutritionalClaimTypeCode": {
						"code": "FREE_FROM",
						"value": "FREE_FROM"
					},
					"nutritionalClaimNutrientElementCode": {
						"code": "SOY",
						"value": "SOY"
					},
					"claimMarkedOnPackage": "TRUE|PIM_MULTIVALUE_SEPARATOR|TRUE"
				},
				"consumerInstructions": {
					"storageInstructions": "Produkten är en kylvara, förvaras vid max +8 grader. Öppnad förpackning hållbar minst 5 dagar."
				},
				"isMagazine": false,
				"nutrientBasis": {
					"quantity": 100.0
				},
				"pharmaceuticalData": {
					"isPharmaceutical": false
				},
				"nutrientInformation": [
					{
						"header": {
							"nutrientBasisQuantity": 100.0,
							"nutrientBasisQuantityType": "BY_MEASURE",
							"nutrientBasisQuantityUnit": {
								"code": "GRM",
								"value": "Gram"
							}
						}
					}
				],
				"sustainabilityInfo": [
					{
						"productScore": [
							{
								"score": 2.5,
								"param": "Biologisk mångfald",
								"paramId": "biodiversity"
							},
							{
								"score": 1.5,
								"param": "Klimat",
								"paramId": "climate"
							},
							{
								"score": 2.0,
								"param": "Bördighet",
								"paramId": "soil_fertility"
							},
							{
								"score": 1.0,
								"param": "Vatten",
								"paramId": "water"
							},
							{
								"score": 2.0,
								"param": "Bekämpningsmedel",
								"paramId": "pesticides"
							},
							{
								"score": 2.0,
								"param": "Övergödning",
								"paramId": "eutrophication"
							},
							{
								"score": null,
								"param": "Djuromsorg och antibiotika",
								"paramId": "animal_welfare_antibiotics"
							},
							{
								"score": 1.0,
								"param": "Arbetsförhållanden",
								"paramId": "working_conditions"
							},
							{
								"score": 1.5,
								"param": "Lokalbefolkning",
								"paramId": "local_population"
							},
							{
								"score": 1.5,
								"param": "Lagefterlevnad och spårbarhet",
								"paramId": "compliance_traceability"
							}
						]
					}
				],
				"sustainabilityInfoApplicable": true
			},
			{
				"id": "7394376616556",
				"type": "Product",
				"ean": "7394376616556",
				"name": "Påmackan Tomat & basilika",
				"manufacturerName": "Oatly",
				"description": "Ett helt växtbaserat pålägg, med god smak av tomat och basilika. Gjord på svensk havre. Fungerar lika bra på mackan som i matlagning. Fri från både mjölk och soja.",
				"imageUrl": "http://res.cloudinary.com/coopsverige/image/upload/v1682362091/cloud/279634.tiff",
				"listOfIngredients": "Vatten, havre, rapsolja, fullhärdad kokos- och rapsolja, potatisstärkelse, potatisprotein, tomatpuré (1,5%), joderat salt, basilika (1%), citronjuice, torkad tomat (0,5%), lök, vitlök, stabiliseringsmedel (pektin), majsstärkelse, jästextrakt, vitpeppar, syra (äpplesyra, mjölksyra).",
				"navCategories": [
					{
						"code": "32522",
						"name": "Mjukost",
						"superCategories": [
							{
								"code": "6335",
								"name": "Påläggsost",
								"superCategories": [
									{
										"code": "6327",
										"name": "Ost",
										"superCategories": []
									}
								]
							}
						]
					},
					{
						"code": "33439",
						"name": "Pålägg",
						"superCategories": [
							{
								"code": "39047203",
								"name": "Färskt",
								"superCategories": [
									{
										"code": "39033900",
										"name": "Vegetariskt",
										"superCategories": []
									}
								]
							}
						]
					}
				],
				"maxStorageTemperature": "8",
				"packageSize": 150.0,
				"packageSizeInformation": "150 g",
				"packageSizeUnit": "Gram",
				"salesPrice": 23.5,
				"salesPriceData": {
					"b2cPrice": 23.5,
					"b2bPrice": 20.98
				},
				"piecePrice": 23.5,
				"piecePriceData": {
					"b2cPrice": 23.5,
					"b2bPrice": 20.98
				},
				"salesUnit": "Styck",
				"comparativePriceText": "kr/kg",
				"comparativePrice": 156.67,
				"comparativePriceData": {
					"b2cPrice": 156.67,
					"b2bPrice": 139.88
				},
				"articleSold": false,
				"deposit": 0.0,
				"depositData": {
					"b2cPrice": 0.0,
					"b2bPrice": 0.0
				},
				"vat": {
					"code": "vat-full-2",
					"value": 12.0,
					"type": "Percentage"
				},
				"nutrientLinks": [
					{
						"amount": [
							"224"
						],
						"description": "Energi",
						"unit": "Kilokalori"
					},
					{
						"amount": [
							"926"
						],
						"description": "Energi",
						"unit": "Kilojoule"
					},
					{
						"amount": [
							"19"
						],
						"description": "Fett",
						"unit": "Gram"
					},
					{
						"amount": [
							"7.1"
						],
						"description": "Varav mättat fett",
						"unit": "Gram"
					},
					{
						"amount": [
							"9.6"
						],
						"description": "Kolhydrat",
						"unit": "Gram"
					},
					{
						"amount": [
							"3.7"
						],
						"description": "Varav sockerarter",
						"unit": "Gram"
					},
					{
						"amount": [
							"0.9"
						],
						"description": "Fiber",
						"unit": "Gram"
					},
					{
						"amount": [
							"3.1"
						],
						"description": "Protein",
						"unit": "Gram"
					},
					{
						"amount": [
							"1.23"
						],
						"description": "Salt",
						"unit": "Gram"
					}
				],
				"animalFoodData": {},
				"fromSweden": false,
				"availableOnline": true,
				"countryOfOriginCodes": [
					{
						"code": "752",
						"value": "Sverige"
					}
				],
				"nutritionalClaimData": {
					"nutritionalClaimTypeCode": {
						"code": "FREE_FROM",
						"value": "FREE_FROM"
					},
					"nutritionalClaimNutrientElementCode": {
						"code": "SOY",
						"value": "SOY"
					},
					"claimMarkedOnPackage": "TRUE|PIM_MULTIVALUE_SEPARATOR|TRUE"
				},
				"consumerInstructions": {
					"storageInstructions": "Produkten är en kylvara, förvaras vid max +8 grader. Öppnad förpackning hållbar minst 5 dagar."
				},
				"isMagazine": false,
				"nutrientBasis": {
					"quantity": 100.0
				},
				"pharmaceuticalData": {
					"isPharmaceutical": false
				},
				"nutrientInformation": [
					{
						"header": {
							"nutrientBasisQuantity": 100.0,
							"nutrientBasisQuantityType": "BY_MEASURE",
							"nutrientBasisQuantityUnit": {
								"code": "GRM",
								"value": "Gram"
							}
						}
					}
				],
				"sustainabilityInfo": [
					{
						"productScore": [
							{
								"score": 2.5,
								"param": "Biologisk mångfald",
								"paramId": "biodiversity"
							},
							{
								"score": 1.5,
								"param": "Klimat",
								"paramId": "climate"
							},
							{
								"score": 2.0,
								"param": "Bördighet",
								"paramId": "soil_fertility"
							},
							{
								"score": 1.0,
								"param": "Vatten",
								"paramId": "water"
							},
							{
								"score": 2.0,
								"param": "Bekämpningsmedel",
								"paramId": "pesticides"
							},
							{
								"score": 2.0,
								"param": "Övergödning",
								"paramId": "eutrophication"
							},
							{
								"score": null,
								"param": "Djuromsorg och antibiotika",
								"paramId": "animal_welfare_antibiotics"
							},
							{
								"score": 1.0,
								"param": "Arbetsförhållanden",
								"paramId": "working_conditions"
							},
							{
								"score": 1.5,
								"param": "Lokalbefolkning",
								"paramId": "local_population"
							},
							{
								"score": 1.5,
								"param": "Lagefterlevnad och spårbarhet",
								"paramId": "compliance_traceability"
							}
						]
					}
				],
				"regulatedProductName": "Oatly Tomat Basilika",
				"sustainabilityInfoApplicable": true
			},
			{
				"id": "7340012536009",
				"type": "Product",
				"ean": "7340012536009",
				"name": "Ravioli Vegan",
				"manufacturerName": "The Plant",
				"description": "Färsk pasta med pesto och tofufyllning. Utan animaliska ingredienser. En snabb och enkel måltid för hela familjen.",
				"imageUrl": "http://res.cloudinary.com/coopsverige/image/upload/v1721295144/cloud/373977.tiff",
				"listOfIngredients": "Färsk fylld pasta av durumvete och majsmjöl. \nIngredienser deg (60%): DURUMVETE, majsmjöl 5%, vatten.\nIngredienser fyllning (40%): basilikabas 31% (basilika, solrosolja, salt)  plant-baserad bas 40% (vatten, modifierad stärkelse, solrosolja, kokosolja, potatisstärkelse, salt, vegetabiliska fiber, olivextrakt, surhetsreglerandemedel: mjölksyra (ej från mjölk), glucono-delta-lacton, konserveringsmedel: sorbinsyra, veganska aromer, betakaroten, vitamin B12), ströbröd (VETEmjöl, vatten, salt), solrosolja, salt, vitlök.\nInnehåller VALNÖTTER, SOJA, SULFITER, SENAP, LUPIN.",
				"navCategories": [
					{
						"code": "33447",
						"name": "Övrig vegetariskt",
						"superCategories": [
							{
								"code": "39047203",
								"name": "Färskt",
								"superCategories": [
									{
										"code": "39033900",
										"name": "Vegetariskt",
										"superCategories": []
									}
								]
							}
						]
					},
					{
						"code": "334606",
						"name": "Övrig vegetariskt",
						"superCategories": [
							{
								"code": "156564441",
								"name": "Vegetariskt",
								"superCategories": [
									{
										"code": "5377683",
										"name": "Färdigmat & Mellanmål",
										"superCategories": []
									}
								]
							}
						]
					}
				],
				"maxStorageTemperature": "8.00",
				"packageSize": 250.0,
				"packageSizeInformation": "250 g",
				"packageSizeUnit": "Gram",
				"salesPrice": 44.95,
				"salesPriceData": {
					"b2cPrice": 44.95,
					"b2bPrice": 40.13
				},
				"piecePrice": 44.95,
				"piecePriceData": {
					"b2cPrice": 44.95,
					"b2bPrice": 40.13
				},
				"salesUnit": "Styck",
				"comparativePriceText": "kr/kg",
				"comparativePrice": 179.8,
				"comparativePriceData": {
					"b2cPrice": 179.8,
					"b2bPrice": 160.54
				},
				"articleSold": false,
				"deposit": 0.0,
				"depositData": {
					"b2cPrice": 0.0,
					"b2bPrice": 0.0
				},
				"vat": {
					"code": "vat-full-2",
					"value": 12.0,
					"type": "Percentage"
				},
				"nutrientLinks": [
					{
						"amount": [
							"1049"
						],
						"description": "Energi",
						"unit": "Kilojoule"
					},
					{
						"amount": [
							"248"
						],
						"description": "Energi",
						"unit": "Kilokalori"
					},
					{
						"amount": [
							"5"
						],
						"description": "Fett",
						"unit": "Gram"
					},
					{
						"amount": [
							"1.1"
						],
						"description": "Varav mättat fett",
						"unit": "Gram"
					},
					{
						"amount": [
							"43.5"
						],
						"description": "Kolhydrat",
						"unit": "Gram"
					},
					{
						"amount": [
							"0.08"
						],
						"description": "Varav sockerarter",
						"unit": "Gram"
					},
					{
						"amount": [
							"2.1"
						],
						"description": "Fiber",
						"unit": "Gram"
					},
					{
						"amount": [
							"6.2"
						],
						"description": "Protein",
						"unit": "Gram"
					},
					{
						"amount": [
							"0.9"
						],
						"description": "Salt",
						"unit": "Gram"
					}
				],
				"animalFoodData": {},
				"fromSweden": false,
				"availableOnline": true,
				"countryOfOriginCodes": [
					{
						"code": "380",
						"value": "Italien"
					}
				],
				"shortTradeItemMarketingMessage": {
					"seq1": "Färsk pasta med pesto och tofufyllning. Utan animaliska ingredienser. En snabb och enkel måltid för hela familjen."
				},
				"isMagazine": false,
				"nutrientBasis": {
					"quantity": 100.0
				},
				"pharmaceuticalData": {
					"isPharmaceutical": false
				},
				"nutrientInformation": [
					{
						"header": {
							"nutrientBasisQuantity": 100.0,
							"nutrientBasisQuantityType": "BY_MEASURE",
							"nutrientBasisQuantityUnit": {
								"code": "GRM",
								"value": "Gram"
							}
						}
					}
				],
				"sustainabilityInfoApplicable": true
			},
			{
				"id": "7340012503681",
				"type": "Product",
				"ean": "7340012503681",
				"name": "Risgrynsgröt Vegan",
				"manufacturerName": "da Carla",
				"imageUrl": "http://res.cloudinary.com/coopsverige/image/upload/v1700650717/cloud/304384.tiff",
				"listOfIngredients": "Ingredienser: glutenfri havredryck, grötris, vaniljsocker (0,4%), kanel, salt.",
				"navCategories": [
					{
						"code": "33447",
						"name": "Övrig vegetariskt",
						"superCategories": [
							{
								"code": "39047203",
								"name": "Färskt",
								"superCategories": [
									{
										"code": "39033900",
										"name": "Vegetariskt",
										"superCategories": []
									}
								]
							}
						]
					},
					{
						"code": "334606",
						"name": "Övrig vegetariskt",
						"superCategories": [
							{
								"code": "156564441",
								"name": "Vegetariskt",
								"superCategories": [
									{
										"code": "5377683",
										"name": "Färdigmat & Mellanmål",
										"superCategories": []
									}
								]
							}
						]
					},
					{
						"code": "334590",
						"name": "Gröt",
						"superCategories": [
							{
								"code": "6857960",
								"name": "Färdigmat",
								"superCategories": [
									{
										"code": "5377683",
										"name": "Färdigmat & Mellanmål",
										"superCategories": []
									}
								]
							}
						]
					}
				],
				"packageSize": 500.0,
				"packageSizeInformation": "500 g",
				"packageSizeUnit": "Gram",
				"salesPrice": 21.95,
				"salesPriceData": {
					"b2cPrice": 21.95,
					"b2bPrice": 19.6
				},
				"piecePrice": 21.95,
				"piecePriceData": {
					"b2cPrice": 21.95,
					"b2bPrice": 19.6
				},
				"salesUnit": "Styck",
				"comparativePriceText": "kr/kg",
				"comparativePrice": 43.9,
				"comparativePriceData": {
					"b2cPrice": 43.9,
					"b2bPrice": 39.2
				},
				"articleSold": false,
				"deposit": 0.0,
				"depositData": {
					"b2cPrice": 0.0,
					"b2bPrice": 0.0
				},
				"vat": {
					"code": "vat-full-2",
					"value": 12.0,
					"type": "Percentage"
				},
				"nutrientLinks": [
					{
						"amount": [
							"380"
						],
						"description": "Energi",
						"unit": "Kilojoule"
					},
					{
						"amount": [
							"85"
						],
						"description": "Energi",
						"unit": "Kilokalori"
					},
					{
						"amount": [
							"3"
						],
						"description": "Fett",
						"unit": "Gram"
					},
					{
						"amount": [
							"1"
						],
						"description": "Varav mättat fett",
						"unit": "Gram"
					},
					{
						"amount": [
							"15"
						],
						"description": "Kolhydrat",
						"unit": "Gram"
					},
					{
						"amount": [
							"2"
						],
						"description": "Varav sockerarter",
						"unit": "Gram"
					},
					{
						"amount": [
							"5"
						],
						"description": "Protein",
						"unit": "Gram"
					},
					{
						"amount": [
							"1"
						],
						"description": "Salt",
						"unit": "Gram"
					}
				],
				"animalFoodData": {},
				"fromSweden": false,
				"availableOnline": true,
				"isMagazine": false,
				"nutrientBasis": {
					"quantity": 100.0
				},
				"pharmaceuticalData": {
					"isPharmaceutical": false
				},
				"nutrientInformation": [
					{
						"header": {
							"nutrientBasisQuantity": 100.0,
							"nutrientBasisQuantityType": "BY_MEASURE",
							"nutrientBasisQuantityUnit": {
								"code": "GRM",
								"value": "Gram"
							}
						}
					}
				],
				"sustainabilityInfoApplicable": true
			},
			{
				"id": "6408430347353",
				"type": "Product",
				"ean": "6408430347353",
				"name": "Riven Italian style",
				"manufacturerName": "Oddlygood®",
				"description": "Utsökt goda Oddlygood® Italian Style Grated fulländar rätt som rätt, oavsett om du känner för pasta, risotto, sallad eller pizza. Perfekt till både vardag och fest som topping på dina pastarätter, soppor, pajer och vadhelst du hittar på. Eller lägg toppingen i en vacker skål och låt alla själva strö över sin tillrik till önskad smak och konsistens. 100 % växtbaserad och fri från palmolja.",
				"imageUrl": "http://res.cloudinary.com/coopsverige/image/upload/v1703243586/cloud/314352.tiff",
				"listOfIngredients": "vatten, modifierad stärkelse, kokosfett, stärkelse, salt, jästprotein, näringsjäst, naturliga aromer, kalcium, vitaminer (riboflavin (B2), B12, D2), rönnbärsextrakt, surhetsreglerande medel (mjölksyra) och jod. KAN INNEHÅLLA SPÅR AV MJÖLK.",
				"navCategories": [
					{
						"code": "33447",
						"name": "Övrig vegetariskt",
						"superCategories": [
							{
								"code": "39047203",
								"name": "Färskt",
								"superCategories": [
									{
										"code": "39033900",
										"name": "Vegetariskt",
										"superCategories": []
									}
								]
							}
						]
					},
					{
						"code": "33437",
						"name": "Måltidstillbehör",
						"superCategories": [
							{
								"code": "39047203",
								"name": "Färskt",
								"superCategories": [
									{
										"code": "39033900",
										"name": "Vegetariskt",
										"superCategories": []
									}
								]
							}
						]
					}
				],
				"packageSize": 100.0,
				"packageSizeInformation": "100g",
				"packageSizeUnit": "Gram",
				"salesPrice": 25.95,
				"salesPriceData": {
					"b2cPrice": 25.95,
					"b2bPrice": 23.17
				},
				"piecePrice": 25.95,
				"piecePriceData": {
					"b2cPrice": 25.95,
					"b2bPrice": 23.17
				},
				"salesUnit": "Styck",
				"comparativePriceText": "kr/kg",
				"comparativePrice": 259.5,
				"comparativePriceData": {
					"b2cPrice": 259.5,
					"b2bPrice": 231.7
				},
				"articleSold": false,
				"deposit": 0.0,
				"depositData": {
					"b2cPrice": 0.0,
					"b2bPrice": 0.0
				},
				"vat": {
					"code": "vat-full-2",
					"value": 12.0,
					"type": "Percentage"
				},
				"nutrientLinks": [
					{
						"amount": [
							"271"
						],
						"description": "Energi",
						"unit": "Kilokalori"
					},
					{
						"amount": [
							"1131"
						],
						"description": "Energi",
						"unit": "Kilojoule"
					},
					{
						"amount": [
							"15"
						],
						"description": "Fett",
						"unit": "Gram"
					},
					{
						"amount": [
							"13"
						],
						"description": "Varav mättat fett",
						"unit": "Gram"
					},
					{
						"amount": [
							"0.9"
						],
						"description": "Varav enkelomättat fett",
						"unit": "Gram"
					},
					{
						"amount": [
							"0.3"
						],
						"description": "Varav fleromättat fett",
						"unit": "Gram"
					},
					{
						"amount": [
							"31"
						],
						"description": "Kolhydrat",
						"unit": "Gram"
					},
					{
						"amount": [
							"0"
						],
						"description": "Varav sockerarter",
						"unit": "Gram"
					},
					{
						"amount": [
							"2.9"
						],
						"description": "Protein",
						"unit": "Gram"
					},
					{
						"amount": [
							"2.8"
						],
						"description": "Salt",
						"unit": "Gram"
					},
					{
						"amount": [
							"120"
						],
						"description": "Kalcium",
						"unit": "Milligram",
						"percentageOfDailyIntake": "15"
					},
					{
						"amount": [
							"87.0"
						],
						"description": "Jod",
						"unit": "Mikrogram",
						"percentageOfDailyIntake": "58"
					},
					{
						"amount": [
							"4.0"
						],
						"description": "Vitamin D",
						"unit": "Mikrogram",
						"percentageOfDailyIntake": "80"
					},
					{
						"amount": [
							"0.90"
						],
						"description": "Riboflavin",
						"unit": "Milligram",
						"percentageOfDailyIntake": "64"
					},
					{
						"amount": [
							"1.7"
						],
						"description": "Vitamin B12",
						"unit": "Mikrogram",
						"percentageOfDailyIntake": "68"
					}
				],
				"animalFoodData": {},
				"allergyInfo": [
					{
						"code": "VEGAN"
					}
				],
				"fromSweden": false,
				"availableOnline": true,
				"countryOfOriginCodes": [
					{
						"code": "233",
						"value": "Estland"
					}
				],
				"consumerInstructions": {
					"storageInstructions": "Förvaras vid +2 – +8 °C. Öppnad förpackning är hållbar 5 dagar i kylskåp."
				},
				"isMagazine": false,
				"nutrientBasis": {
					"quantity": 100.0
				},
				"pharmaceuticalData": {
					"isPharmaceutical": false
				},
				"nutrientInformation": [
					{
						"header": {
							"nutrientBasisQuantity": 100.0,
							"nutrientBasisQuantityType": "BY_MEASURE",
							"nutrientBasisQuantityUnit": {
								"code": "GRM",
								"value": "Gram"
							}
						}
					}
				],
				"regulatedProductName": "Vegetabilisk topping finriven|PIM_MULTIVALUE_SEPARATOR|Finely grated vegetable fat product",
				"sustainabilityInfoApplicable": true
			},
			{
				"id": "6408430342105",
				"type": "Product",
				"ean": "6408430342105",
				"name": "Riven Ost Veggie",
				"manufacturerName": "Oddlygood®",
				"description": "Valio Oddlygood® Veggie Grated är ett rysligt gott växtbaserat alternativ till topping på pizza och toast, i soppor och såser. Använd som riven ost! Valio Oddlygood® Veggie skivor och riv är 100 % växtbaserade och tillverkas utan palmolja och soja. Produkterna passar till en vegansk kost.",
				"imageUrl": "http://res.cloudinary.com/coopsverige/image/upload/v1703243069/cloud/314327.tiff",
				"listOfIngredients": "vatten, vegetabiliska fetter (shea, kokos), modifierad stärkelse, stärkelse, salt, potatisprotein, klumpförebyggande medel (E460), rönnbärsextrakt, arom, surhetsreglerande medel (citronsyra), färgämne (karotener), vitaminer (riboflavin (B2), B12, D2), jod. KAN INNEHÅLLA SPÅR AV MJÖLK.",
				"navCategories": [
					{
						"code": "33447",
						"name": "Övrig vegetariskt",
						"superCategories": [
							{
								"code": "39047203",
								"name": "Färskt",
								"superCategories": [
									{
										"code": "39033900",
										"name": "Vegetariskt",
										"superCategories": []
									}
								]
							}
						]
					},
					{
						"code": "32536",
						"name": "Riven ost",
						"superCategories": [
							{
								"code": "32462",
								"name": "Matlagningsost",
								"superCategories": [
									{
										"code": "6327",
										"name": "Ost",
										"superCategories": []
									}
								]
							}
						]
					}
				],
				"accreditedTags": [
					{
						"code": "VEGAN_SOCIETY_VEGAN_LOGO"
					}
				],
				"packageSize": 150.0,
				"packageSizeInformation": "150g",
				"packageSizeUnit": "Gram",
				"salesPrice": 22.95,
				"salesPriceData": {
					"b2cPrice": 22.95,
					"b2bPrice": 20.49
				},
				"piecePrice": 22.95,
				"piecePriceData": {
					"b2cPrice": 22.95,
					"b2bPrice": 20.49
				},
				"salesUnit": "Styck",
				"comparativePriceText": "kr/kg",
				"comparativePrice": 153.0,
				"comparativePriceData": {
					"b2cPrice": 153.0,
					"b2bPrice": 136.61
				},
				"articleSold": false,
				"deposit": 0.0,
				"depositData": {
					"b2cPrice": 0.0,
					"b2bPrice": 0.0
				},
				"vat": {
					"code": "vat-full-2",
					"value": 12.0,
					"type": "Percentage"
				},
				"nutrientLinks": [
					{
						"amount": [
							"298"
						],
						"description": "Energi",
						"unit": "Kilokalori"
					},
					{
						"amount": [
							"1236"
						],
						"description": "Energi",
						"unit": "Kilojoule"
					},
					{
						"amount": [
							"24"
						],
						"description": "Fett",
						"unit": "Gram"
					},
					{
						"amount": [
							"14"
						],
						"description": "Varav mättat fett",
						"unit": "Gram"
					},
					{
						"amount": [
							"7.4"
						],
						"description": "Varav enkelomättat fett",
						"unit": "Gram"
					},
					{
						"amount": [
							"1.2"
						],
						"description": "Varav fleromättat fett",
						"unit": "Gram"
					},
					{
						"amount": [
							"21"
						],
						"description": "Kolhydrat",
						"unit": "Gram"
					},
					{
						"amount": [
							"0"
						],
						"description": "Varav sockerarter",
						"unit": "Gram"
					},
					{
						"amount": [
							"2.0"
						],
						"description": "Fiber",
						"unit": "Gram"
					},
					{
						"amount": [
							"1.0"
						],
						"description": "Protein",
						"unit": "Gram"
					},
					{
						"amount": [
							"2.3"
						],
						"description": "Salt",
						"unit": "Gram"
					},
					{
						"amount": [
							"0"
						],
						"description": "Kalcium",
						"unit": "Milligram"
					},
					{
						"amount": [
							"87.0"
						],
						"description": "Jod",
						"unit": "Mikrogram",
						"percentageOfDailyIntake": "58"
					},
					{
						"amount": [
							"4.0"
						],
						"description": "Vitamin D",
						"unit": "Mikrogram",
						"percentageOfDailyIntake": "80"
					},
					{
						"amount": [
							"0.90"
						],
						"description": "Riboflavin",
						"unit": "Milligram",
						"percentageOfDailyIntake": "64"
					},
					{
						"amount": [
							"1.7"
						],
						"description": "Vitamin B12",
						"unit": "Mikrogram",
						"percentageOfDailyIntake": "68"
					}
				],
				"animalFoodData": {},
				"allergyInfo": [
					{
						"code": "VEGAN"
					}
				],
				"fromSweden": false,
				"availableOnline": true,
				"countryOfOriginCodes": [
					{
						"code": "246",
						"value": "Finland"
					}
				],
				"consumerInstructions": {
					"storageInstructions": "Hållbar i oöppnad förpackning under +8 °C minst till bäst före-datum.",
					"usageInstructions": "Lämplig för matlagning."
				},
				"isMagazine": false,
				"nutrientBasis": {
					"quantity": 100.0
				},
				"pharmaceuticalData": {
					"isPharmaceutical": false
				},
				"nutrientInformation": [
					{
						"header": {
							"nutrientBasisQuantity": 100.0,
							"nutrientBasisQuantityType": "BY_MEASURE",
							"nutrientBasisQuantityUnit": {
								"code": "GRM",
								"value": "Gram"
							}
						}
					}
				],
				"sustainabilityInfo": [
					{
						"productScore": [
							{
								"score": 2.5,
								"param": "Biologisk mångfald",
								"paramId": "biodiversity"
							},
							{
								"score": 1.5,
								"param": "Klimat",
								"paramId": "climate"
							},
							{
								"score": 2.0,
								"param": "Bördighet",
								"paramId": "soil_fertility"
							},
							{
								"score": 1.5,
								"param": "Vatten",
								"paramId": "water"
							},
							{
								"score": 2.0,
								"param": "Bekämpningsmedel",
								"paramId": "pesticides"
							},
							{
								"score": 1.5,
								"param": "Övergödning",
								"paramId": "eutrophication"
							},
							{
								"score": null,
								"param": "Djuromsorg och antibiotika",
								"paramId": "animal_welfare_antibiotics"
							},
							{
								"score": 2.0,
								"param": "Arbetsförhållanden",
								"paramId": "working_conditions"
							},
							{
								"score": 2.5,
								"param": "Lokalbefolkning",
								"paramId": "local_population"
							},
							{
								"score": 2.0,
								"param": "Lagefterlevnad och spårbarhet",
								"paramId": "compliance_traceability"
							}
						]
					}
				],
				"regulatedProductName": "Vegetabilisk topping|PIM_MULTIVALUE_SEPARATOR|Grated vegetable fat product",
				"sustainabilityInfoApplicable": true
			},
			{
				"id": "7350044644375",
				"type": "Product",
				"ean": "7350044644375",
				"name": "Rödbetssallad Vegan",
				"manufacturerName": "Mantorpsköket",
				"imageUrl": "http://res.cloudinary.com/coopsverige/image/upload/v1668595002/cloud/267035.tiff",
				"listOfIngredients": "Tärnade rödbetor 57% Majonnäs Vegansk fetthalt 56%: Rapsolja, Vinäger, salt, Modifierad stärkelse (potatis, majs) Förtjockningsmedel (E 415, E 412, E1442, E1450), Konserveringsmedel (E202) Kryddor, surhetsreglerande medel(E270, E330),Stabiliseringsmedel (E 415, e412),, Ananas , Kryddor, Konserveringsmedel (E202, E211)",
				"navCategories": [
					{
						"code": "33447",
						"name": "Övrig vegetariskt",
						"superCategories": [
							{
								"code": "39047203",
								"name": "Färskt",
								"superCategories": [
									{
										"code": "39033900",
										"name": "Vegetariskt",
										"superCategories": []
									}
								]
							}
						]
					},
					{
						"code": "334613",
						"name": "Övriga röror & Sallader",
						"superCategories": [
							{
								"code": "156564445",
								"name": "Majonnässallader",
								"superCategories": [
									{
										"code": "5377683",
										"name": "Färdigmat & Mellanmål",
										"superCategories": []
									}
								]
							}
						]
					}
				],
				"packageSize": 350.0,
				"packageSizeInformation": "350 g",
				"packageSizeUnit": "Gram",
				"salesPrice": 20.95,
				"salesPriceData": {
					"b2cPrice": 20.95,
					"b2bPrice": 18.71
				},
				"piecePrice": 20.95,
				"piecePriceData": {
					"b2cPrice": 20.95,
					"b2bPrice": 18.71
				},
				"salesUnit": "Styck",
				"comparativePriceText": "kr/kg",
				"comparativePrice": 59.86,
				"comparativePriceData": {
					"b2cPrice": 59.86,
					"b2bPrice": 53.45
				},
				"articleSold": false,
				"deposit": 0.0,
				"depositData": {
					"b2cPrice": 0.0,
					"b2bPrice": 0.0
				},
				"vat": {
					"code": "vat-full-2",
					"value": 12.0,
					"type": "Percentage"
				},
				"animalFoodData": {},
				"fromSweden": false,
				"availableOnline": true,
				"isMagazine": false,
				"nutrientBasis": {},
				"pharmaceuticalData": {
					"isPharmaceutical": false
				},
				"sustainabilityInfoApplicable": true
			},
			{
				"id": "7300205446003",
				"type": "Product",
				"ean": "7300205446003",
				"name": "Salsiccia Vegetarisk",
				"manufacturerName": "Scan",
				"description": "Scan Vegetarisk Salsiccia är en mild och smakrik korv gjord på svenska gula ärtor. Den är smaksatt med bl.a. örter, vitlök och citron. Passar perfekt i att servera i korvbröd med olika toppings.",
				"imageUrl": "http://res.cloudinary.com/coopsverige/image/upload/v1705047891/cloud/318555.tiff",
				"listOfIngredients": "INGREDIENSER: Vatten, rapsolja*, ärtprotein**, potatismjöl*, salt, ÄGGVITA*, stabiliseringsmedel (E461:E407), druvsocker, kryddor, örtkryddor, arom, rödbetspulver, vitlök, citronskal. Korvskinn: Geleringsmedel (E401), stabiliseringsmedel (E425i:E412:E422), vatten, vegetabilisk olja. *Ursprung: Sverige. **Produkten är tillverkad av svensk ärta som är odlad, tillagad och packad i Sverige samt förädlad i Frankrike/  Nederländerna.",
				"navCategories": [
					{
						"code": "33443",
						"name": "Vegetarisk korv",
						"superCategories": [
							{
								"code": "39047203",
								"name": "Färskt",
								"superCategories": [
									{
										"code": "39033900",
										"name": "Vegetariskt",
										"superCategories": []
									}
								]
							}
						]
					}
				],
				"maxStorageTemperature": "8",
				"packageSize": 220.0,
				"packageSizeInformation": "220 g",
				"packageSizeUnit": "Gram",
				"salesPrice": 34.95,
				"salesPriceData": {
					"b2cPrice": 34.95,
					"b2bPrice": 31.21
				},
				"piecePrice": 34.95,
				"piecePriceData": {
					"b2cPrice": 34.95,
					"b2bPrice": 31.21
				},
				"salesUnit": "Styck",
				"comparativePriceText": "kr/kg",
				"comparativePrice": 158.86,
				"comparativePriceData": {
					"b2cPrice": 158.86,
					"b2bPrice": 141.84
				},
				"articleSold": false,
				"deposit": 0.0,
				"depositData": {
					"b2cPrice": 0.0,
					"b2bPrice": 0.0
				},
				"vat": {
					"code": "vat-full-2",
					"value": 12.0,
					"type": "Percentage"
				},
				"nutrientLinks": [
					{
						"amount": [
							"1050"
						],
						"description": "Energi",
						"unit": "Kilojoule"
					},
					{
						"amount": [
							"250"
						],
						"description": "Energi",
						"unit": "Kilokalori"
					},
					{
						"amount": [
							"17"
						],
						"description": "Fett",
						"unit": "Gram"
					},
					{
						"amount": [
							"1.2"
						],
						"description": "Varav mättat fett",
						"unit": "Gram"
					},
					{
						"amount": [
							"14"
						],
						"description": "Kolhydrat",
						"unit": "Gram"
					},
					{
						"amount": [
							"1.8"
						],
						"description": "Varav sockerarter",
						"unit": "Gram"
					},
					{
						"amount": [
							"9.7"
						],
						"description": "Protein",
						"unit": "Gram"
					},
					{
						"amount": [
							"2.1"
						],
						"description": "Salt",
						"unit": "Gram"
					}
				],
				"animalFoodData": {},
				"allergyInfo": [
					{
						"code": "VEGETARIAN"
					}
				],
				"fromSweden": false,
				"availableOnline": true,
				"countryOfOriginCodes": [
					{
						"code": "752",
						"value": "Sverige"
					}
				],
				"isMagazine": false,
				"nutrientBasis": {
					"quantity": 100.0
				},
				"pharmaceuticalData": {
					"isPharmaceutical": false
				},
				"nutrientInformation": [
					{
						"header": {
							"nutrientBasisQuantity": 100.0,
							"nutrientBasisQuantityType": "BY_MEASURE",
							"nutrientBasisQuantityUnit": {
								"code": "GRM",
								"value": "Gram"
							}
						}
					}
				],
				"sustainabilityInfo": [
					{
						"productScore": [
							{
								"score": 2.5,
								"param": "Biologisk mångfald",
								"paramId": "biodiversity"
							},
							{
								"score": 1.5,
								"param": "Klimat",
								"paramId": "climate"
							},
							{
								"score": 2.0,
								"param": "Bördighet",
								"paramId": "soil_fertility"
							},
							{
								"score": 1.0,
								"param": "Vatten",
								"paramId": "water"
							},
							{
								"score": 1.5,
								"param": "Bekämpningsmedel",
								"paramId": "pesticides"
							},
							{
								"score": 2.0,
								"param": "Övergödning",
								"paramId": "eutrophication"
							},
							{
								"score": null,
								"param": "Djuromsorg och antibiotika",
								"paramId": "animal_welfare_antibiotics"
							},
							{
								"score": 1.0,
								"param": "Arbetsförhållanden",
								"paramId": "working_conditions"
							},
							{
								"score": 1.0,
								"param": "Lokalbefolkning",
								"paramId": "local_population"
							},
							{
								"score": 1.0,
								"param": "Lagefterlevnad och spårbarhet",
								"paramId": "compliance_traceability"
							}
						]
					}
				],
				"sustainabilityInfoApplicable": true
			},
			{
				"id": "5202390016912",
				"type": "Product",
				"ean": "5202390016912",
				"name": "Skivor Mature Cheddar Vegan",
				"manufacturerName": "Violife",
				"description": "Violife Mature Cheddar Flavour Slices har en god, lagrad smak och passar perfekt på en god burgare eller grillad toast. 100% växtbaserad och fri från mjölk, laktos, soja, gluten, nötter & konstgjorda konserveringsmedel.",
				"imageUrl": "http://res.cloudinary.com/coopsverige/image/upload/v1708939909/cloud/330740.tiff",
				"listOfIngredients": "Ingredienser: vatten, modifierad stärkelse, kokosolja (23%), havssalt, aromer, rönnbärsextrakt, surhetsreglerande medel (citronsyra), olivextrakt, färgämne (betakaroten), vitamin b12.",
				"navCategories": [
					{
						"code": "334606",
						"name": "Övrig vegetariskt",
						"superCategories": [
							{
								"code": "156564441",
								"name": "Vegetariskt",
								"superCategories": [
									{
										"code": "5377683",
										"name": "Färdigmat & Mellanmål",
										"superCategories": []
									}
								]
							}
						]
					},
					{
						"code": "33439",
						"name": "Pålägg",
						"superCategories": [
							{
								"code": "39047203",
								"name": "Färskt",
								"superCategories": [
									{
										"code": "39033900",
										"name": "Vegetariskt",
										"superCategories": []
									}
								]
							}
						]
					}
				],
				"accreditedTags": [
					{
						"code": "VEGAN_SOCIETY_VEGAN_LOGO"
					}
				],
				"maxStorageTemperature": "8",
				"packageSize": 200.0,
				"packageSizeInformation": "200g",
				"packageSizeUnit": "Gram",
				"salesPrice": 34.95,
				"salesPriceData": {
					"b2cPrice": 34.95,
					"b2bPrice": 30.76
				},
				"piecePrice": 34.95,
				"piecePriceData": {
					"b2cPrice": 34.95,
					"b2bPrice": 30.76
				},
				"salesUnit": "Styck",
				"comparativePriceText": "kr/kg",
				"comparativePrice": 174.75,
				"comparativePriceData": {
					"b2cPrice": 174.75,
					"b2bPrice": 153.78
				},
				"articleSold": false,
				"deposit": 0.0,
				"depositData": {
					"b2cPrice": 0.0,
					"b2bPrice": 0.0
				},
				"vat": {
					"code": "vat-full-2",
					"value": 12.0,
					"type": "Percentage"
				},
				"nutrientLinks": [
					{
						"amount": [
							"1232"
						],
						"description": "Energi",
						"unit": "Kilojoule"
					},
					{
						"amount": [
							"297"
						],
						"description": "Energi",
						"unit": "Kilokalori"
					},
					{
						"amount": [
							"23"
						],
						"description": "Fett",
						"unit": "Gram"
					},
					{
						"amount": [
							"20"
						],
						"description": "Varav mättat fett",
						"unit": "Gram"
					},
					{
						"amount": [
							"22"
						],
						"description": "Kolhydrat",
						"unit": "Gram"
					},
					{
						"amount": [
							"0"
						],
						"description": "Varav sockerarter",
						"unit": "Gram"
					},
					{
						"amount": [
							"0.1"
						],
						"description": "Protein",
						"unit": "Gram"
					},
					{
						"amount": [
							"2.3"
						],
						"description": "Salt",
						"unit": "Gram"
					},
					{
						"amount": [
							"2.5"
						],
						"description": "Vitamin B12",
						"unit": "Mikrogram",
						"percentageOfDailyIntake": "100"
					}
				],
				"animalFoodData": {},
				"fromSweden": false,
				"availableOnline": true,
				"countryOfOriginCodes": [
					{
						"code": "300",
						"value": "Grekland"
					}
				],
				"nutritionalClaimData": {
					"nutritionalClaimTypeCode": {
						"code": "FREE_FROM",
						"value": "FREE_FROM"
					},
					"nutritionalClaimNutrientElementCode": {
						"code": "GLUTEN",
						"value": "GLUTEN"
					},
					"claimMarkedOnPackage": "TRUE|PIM_MULTIVALUE_SEPARATOR|TRUE|PIM_MULTIVALUE_SEPARATOR|TRUE|PIM_MULTIVALUE_SEPARATOR|TRUE"
				},
				"consumerInstructions": {
					"storageInstructions": "Förvaring +2°C - +8°C",
					"usageInstructions": "Förvaras kylt (2-8°C). Öppnad förpackning förvaras i kylskåp i upp till 7 dagar."
				},
				"isMagazine": false,
				"nutrientBasis": {
					"quantity": 100.0
				},
				"pharmaceuticalData": {
					"isPharmaceutical": false
				},
				"nutrientInformation": [
					{
						"header": {
							"nutrientBasisQuantity": 100.0,
							"nutrientBasisQuantityType": "BY_MEASURE",
							"nutrientBasisQuantityUnit": {
								"code": "GRM",
								"value": "Gram"
							}
						}
					}
				],
				"sustainabilityInfo": [
					{
						"productScore": [
							{
								"score": 5.0,
								"param": "Biologisk mångfald",
								"paramId": "biodiversity"
							},
							{
								"score": 3.0,
								"param": "Klimat",
								"paramId": "climate"
							},
							{
								"score": 4.0,
								"param": "Bördighet",
								"paramId": "soil_fertility"
							},
							{
								"score": 4.0,
								"param": "Vatten",
								"paramId": "water"
							},
							{
								"score": 4.0,
								"param": "Bekämpningsmedel",
								"paramId": "pesticides"
							},
							{
								"score": 3.0,
								"param": "Övergödning",
								"paramId": "eutrophication"
							},
							{
								"score": null,
								"param": "Djuromsorg och antibiotika",
								"paramId": "animal_welfare_antibiotics"
							},
							{
								"score": 2.5,
								"param": "Arbetsförhållanden",
								"paramId": "working_conditions"
							},
							{
								"score": 4.0,
								"param": "Lokalbefolkning",
								"paramId": "local_population"
							},
							{
								"score": 3.5,
								"param": "Lagefterlevnad och spårbarhet",
								"paramId": "compliance_traceability"
							}
						]
					}
				],
				"sustainabilityInfoApplicable": true
			},
			{
				"id": "5202390015359",
				"type": "Product",
				"ean": "5202390015359",
				"name": "Skivor Original Vegan",
				"manufacturerName": "Violife",
				"description": "Violife Original Slices är en färdigskivat växtbaserat alternativ till ost, perfekt på frukostmackan och grillad toast. Smälter fint och har en god, mild smak. 100% vegansk och fri från mjölk, laktos, soja, gluten, nötter & konstgjorda konserveringsmedel.",
				"imageUrl": "http://res.cloudinary.com/coopsverige/image/upload/v1708939586/cloud/330718.tiff",
				"listOfIngredients": "Ingredienser: vatten, modifierad stärkelse, kokosolja (23%), havssalt, rönnbärsextrakt, aromer, surhetsreglerandemedel (citronsyra), olivextrakt, färgämne (betakaroten), vitamin b12.",
				"navCategories": [
					{
						"code": "33439",
						"name": "Pålägg",
						"superCategories": [
							{
								"code": "39047203",
								"name": "Färskt",
								"superCategories": [
									{
										"code": "39033900",
										"name": "Vegetariskt",
										"superCategories": []
									}
								]
							}
						]
					}
				],
				"accreditedTags": [
					{
						"code": "VEGAN_SOCIETY_VEGAN_LOGO"
					}
				],
				"maxStorageTemperature": "8",
				"packageSize": 200.0,
				"packageSizeInformation": "200g",
				"packageSizeUnit": "Gram",
				"salesPrice": 34.95,
				"salesPriceData": {
					"b2cPrice": 34.95,
					"b2bPrice": 31.21
				},
				"piecePrice": 34.95,
				"piecePriceData": {
					"b2cPrice": 34.95,
					"b2bPrice": 31.21
				},
				"salesUnit": "Styck",
				"comparativePriceText": "kr/kg",
				"comparativePrice": 174.75,
				"comparativePriceData": {
					"b2cPrice": 174.75,
					"b2bPrice": 156.03
				},
				"articleSold": false,
				"deposit": 0.0,
				"depositData": {
					"b2cPrice": 0.0,
					"b2bPrice": 0.0
				},
				"vat": {
					"code": "vat-full-2",
					"value": 12.0,
					"type": "Percentage"
				},
				"nutrientLinks": [
					{
						"amount": [
							"1229"
						],
						"description": "Energi",
						"unit": "Kilojoule"
					},
					{
						"amount": [
							"296"
						],
						"description": "Energi",
						"unit": "Kilokalori"
					},
					{
						"amount": [
							"23"
						],
						"description": "Fett",
						"unit": "Gram"
					},
					{
						"amount": [
							"21"
						],
						"description": "Varav mättat fett",
						"unit": "Gram"
					},
					{
						"amount": [
							"22"
						],
						"description": "Kolhydrat",
						"unit": "Gram"
					},
					{
						"amount": [
							"0"
						],
						"description": "Varav sockerarter",
						"unit": "Gram"
					},
					{
						"amount": [
							"0.1"
						],
						"description": "Protein",
						"unit": "Gram"
					},
					{
						"amount": [
							"2.3"
						],
						"description": "Salt",
						"unit": "Gram"
					},
					{
						"amount": [
							"2.5"
						],
						"description": "Vitamin B12",
						"unit": "Mikrogram",
						"percentageOfDailyIntake": "100"
					}
				],
				"animalFoodData": {},
				"fromSweden": false,
				"availableOnline": true,
				"countryOfOriginCodes": [
					{
						"code": "300",
						"value": "Grekland"
					}
				],
				"nutritionalClaimData": {
					"nutritionalClaimTypeCode": {
						"code": "FREE_FROM",
						"value": "FREE_FROM"
					},
					"nutritionalClaimNutrientElementCode": {
						"code": "GLUTEN",
						"value": "GLUTEN"
					},
					"claimMarkedOnPackage": "TRUE|PIM_MULTIVALUE_SEPARATOR|TRUE|PIM_MULTIVALUE_SEPARATOR|TRUE|PIM_MULTIVALUE_SEPARATOR|TRUE"
				},
				"consumerInstructions": {
					"storageInstructions": "Förvaring +2°C - +8°C",
					"usageInstructions": "Förvaras kylt (2-8°C). Öppnad förpackning förvaras i kylskåp i upp till 7 dagar."
				},
				"isMagazine": false,
				"nutrientBasis": {
					"quantity": 100.0
				},
				"pharmaceuticalData": {
					"isPharmaceutical": false
				},
				"nutrientInformation": [
					{
						"header": {
							"nutrientBasisQuantity": 100.0,
							"nutrientBasisQuantityType": "BY_MEASURE",
							"nutrientBasisQuantityUnit": {
								"code": "GRM",
								"value": "Gram"
							}
						}
					}
				],
				"sustainabilityInfoApplicable": true
			},
			{
				"id": "7300156581563",
				"type": "Product",
				"ean": "7300156581563",
				"name": "Skärgårdstofu Tångcaviar",
				"manufacturerName": "Coop",
				"imageUrl": "http://res.cloudinary.com/coopsverige/image/upload/v1536676129/349335.tiff",
				"listOfIngredients": "Tofu 45% (SOJABÖNOR, vatten, konsistensmedel (E 511)), vatten, rapsolja, rödlök 8 %, socker, modifierad stärkelse, stabiliseringsmedel (E 415, E 412), tångcaviar 2,6% (havstångextrakt, salt, kryddor, syra (E 330), stabiliseringsmedel (E 415), konserveringsmedel (E 211, E 202) färgämne (E 160a, E 160c)), vinäger, tomatpuré, ättika, dill, salt, SENAPSFRÖ, kryddor, surhetsreglerande medel (E 270, E 330), konserveringsmedel (E 202, E 211).",
				"navCategories": [
					{
						"code": "156566004",
						"name": "Tofu",
						"superCategories": [
							{
								"code": "156564441",
								"name": "Vegetariskt",
								"superCategories": [
									{
										"code": "5377683",
										"name": "Färdigmat & Mellanmål",
										"superCategories": []
									}
								]
							}
						]
					},
					{
						"code": "193841390",
						"name": "Tofu",
						"superCategories": [
							{
								"code": "39047203",
								"name": "Färskt",
								"superCategories": [
									{
										"code": "39033900",
										"name": "Vegetariskt",
										"superCategories": []
									}
								]
							}
						]
					}
				],
				"maxStorageTemperature": "8",
				"packageSize": 200.0,
				"packageSizeInformation": "200 g",
				"packageSizeUnit": "Gram",
				"salesPrice": 34.95,
				"salesPriceData": {
					"b2cPrice": 34.95,
					"b2bPrice": 31.21
				},
				"piecePrice": 34.95,
				"piecePriceData": {
					"b2cPrice": 34.95,
					"b2bPrice": 31.21
				},
				"salesUnit": "Styck",
				"comparativePriceText": "kr/kg",
				"comparativePrice": 174.75,
				"comparativePriceData": {
					"b2cPrice": 174.75,
					"b2bPrice": 156.03
				},
				"articleSold": false,
				"deposit": 0.0,
				"depositData": {
					"b2cPrice": 0.0,
					"b2bPrice": 0.0
				},
				"vat": {
					"code": "vat-full-2",
					"value": 12.0,
					"type": "Percentage"
				},
				"nutrientLinks": [
					{
						"amount": [
							"725"
						],
						"description": "Energi",
						"unit": "Kilojoule"
					},
					{
						"amount": [
							"175"
						],
						"description": "Energi",
						"unit": "Kilokalori"
					},
					{
						"amount": [
							"12"
						],
						"description": "Fett",
						"unit": "Gram"
					},
					{
						"amount": [
							"1.30"
						],
						"description": "Varav mättat fett",
						"unit": "Gram"
					},
					{
						"amount": [
							"7.30"
						],
						"description": "Kolhydrat",
						"unit": "Gram"
					},
					{
						"amount": [
							"4.70"
						],
						"description": "Varav sockerarter",
						"unit": "Gram"
					},
					{
						"amount": [
							"8.30"
						],
						"description": "Protein",
						"unit": "Gram"
					},
					{
						"amount": [
							"0.70"
						],
						"description": "Salt",
						"unit": "Gram"
					}
				],
				"animalFoodData": {},
				"fromSweden": false,
				"availableOnline": true,
				"countryOfOriginCodes": [
					{
						"code": "752",
						"value": "Sverige"
					}
				],
				"isMagazine": false,
				"nutrientBasis": {
					"quantity": 100.0
				},
				"pharmaceuticalData": {
					"isPharmaceutical": false
				},
				"nutrientInformation": [
					{
						"header": {
							"nutrientBasisQuantity": 100.0,
							"nutrientBasisQuantityUnit": {
								"code": "GRM",
								"value": "Gram"
							}
						}
					}
				],
				"sustainabilityInfo": [
					{
						"productScore": [
							{
								"score": 3.0,
								"param": "Biologisk mångfald",
								"paramId": "biodiversity"
							},
							{
								"score": 1.5,
								"param": "Klimat",
								"paramId": "climate"
							},
							{
								"score": 2.5,
								"param": "Bördighet",
								"paramId": "soil_fertility"
							},
							{
								"score": 1.0,
								"param": "Vatten",
								"paramId": "water"
							},
							{
								"score": 1.5,
								"param": "Bekämpningsmedel",
								"paramId": "pesticides"
							},
							{
								"score": 2.5,
								"param": "Övergödning",
								"paramId": "eutrophication"
							},
							{
								"score": null,
								"param": "Djuromsorg och antibiotika",
								"paramId": "animal_welfare_antibiotics"
							},
							{
								"score": 1.0,
								"param": "Arbetsförhållanden",
								"paramId": "working_conditions"
							},
							{
								"score": 1.0,
								"param": "Lokalbefolkning",
								"paramId": "local_population"
							},
							{
								"score": 1.0,
								"param": "Lagefterlevnad och spårbarhet",
								"paramId": "compliance_traceability"
							}
						]
					}
				],
				"sustainabilityInfoApplicable": true
			},
			{
				"id": "7340191150546",
				"type": "Product",
				"ean": "7340191150546",
				"name": "Soja- & veteprotein Citron & peppar",
				"manufacturerName": "Coop",
				"imageUrl": "http://res.cloudinary.com/coopsverige/image/upload/v1728387994/cloud/392449.tiff",
				"listOfIngredients": "INGREDIENSER: Vatten, SOJAPROTEIN 11% (soja: icke-EU), helraffinerad sojaolja, VETEGLUTEN 5%, salt, emulgeringsmedel (E 460), citronjuicekoncentrat 1%, stärkelse ( VETE ), peppar, SOJAMJÖL , grönsakskoncentrat (lök, blomkål, morot), citronolja, naturliga aromer, förtjockningsmedel (E 412), riskliolja.",
				"navCategories": [
					{
						"code": "33447",
						"name": "Övrig vegetariskt",
						"superCategories": [
							{
								"code": "39047203",
								"name": "Färskt",
								"superCategories": [
									{
										"code": "39033900",
										"name": "Vegetariskt",
										"superCategories": []
									}
								]
							}
						]
					},
					{
						"code": "334606",
						"name": "Övrig vegetariskt",
						"superCategories": [
							{
								"code": "156564441",
								"name": "Vegetariskt",
								"superCategories": [
									{
										"code": "5377683",
										"name": "Färdigmat & Mellanmål",
										"superCategories": []
									}
								]
							}
						]
					}
				],
				"packageSize": 100.0,
				"packageSizeInformation": "100 G",
				"packageSizeUnit": "Gram",
				"salesPrice": 20.95,
				"salesPriceData": {
					"b2cPrice": 20.95,
					"b2bPrice": 18.71
				},
				"piecePrice": 20.95,
				"piecePriceData": {
					"b2cPrice": 20.95,
					"b2bPrice": 18.71
				},
				"salesUnit": "Styck",
				"comparativePriceText": "kr/kg",
				"comparativePrice": 209.5,
				"comparativePriceData": {
					"b2cPrice": 209.5,
					"b2bPrice": 187.05
				},
				"articleSold": false,
				"deposit": 0.0,
				"depositData": {
					"b2cPrice": 0.0,
					"b2bPrice": 0.0
				},
				"vat": {
					"code": "vat-full-2",
					"value": 12.0,
					"type": "Percentage"
				},
				"nutrientLinks": [
					{
						"amount": [
							"154"
						],
						"description": "Energi",
						"unit": "Kilokalori"
					},
					{
						"amount": [
							"644"
						],
						"description": "Energi",
						"unit": "Kilojoule"
					},
					{
						"amount": [
							"9.0"
						],
						"description": "Fett",
						"unit": "Gram"
					},
					{
						"amount": [
							"1.3"
						],
						"description": "Varav mättat fett",
						"unit": "Gram"
					},
					{
						"amount": [
							"4.0"
						],
						"description": "Kolhydrat",
						"unit": "Gram"
					},
					{
						"amount": [
							"0"
						],
						"description": "Varav sockerarter",
						"unit": "Gram"
					},
					{
						"amount": [
							"13"
						],
						"description": "Protein",
						"unit": "Gram"
					},
					{
						"amount": [
							"1.2"
						],
						"description": "Salt",
						"unit": "Gram"
					}
				],
				"animalFoodData": {},
				"fromSweden": false,
				"availableOnline": true,
				"countryOfOriginCodes": [
					{
						"code": "764",
						"value": "Thailand"
					}
				],
				"consumerInstructions": {
					"storageInstructions": "FÖRVARING: Öppnad. I kylskåp i lämplig behållare."
				},
				"isMagazine": false,
				"nutrientBasis": {
					"quantity": 100.0
				},
				"pharmaceuticalData": {
					"isPharmaceutical": false
				},
				"nutrientInformation": [
					{
						"header": {
							"nutrientBasisQuantity": 100.0,
							"nutrientBasisQuantityType": "BY_MEASURE",
							"nutrientBasisQuantityUnit": {
								"code": "GRM",
								"value": "Gram"
							}
						}
					}
				],
				"regulatedProductName": "SOJA- OCH VETEPROTEIN I FLINGOR MED CITRON OCH PEPPAR",
				"sustainabilityInfoApplicable": true
			},
			{
				"id": "7340191150553",
				"type": "Product",
				"ean": "7340191150553",
				"name": "Soja- & veteprotein Sriracha",
				"manufacturerName": "Coop",
				"imageUrl": "http://res.cloudinary.com/coopsverige/image/upload/v1728387840/cloud/392433.tiff",
				"listOfIngredients": "INGREDIENSER: Vatten, SOJAPROTEIN 11% (soja: icke-EU), helraffinerad sojaolja, VETEGLUTEN 5%, socker, tomatkoncentrat, vitlök, salt, chili, emulgeringsmedel (E 460), lökpulver, modifierad stärkelse, SOJAMJÖL , jästextrakt, syra (E 330), VETESTÄRKELSE , naturlig arom, förtjockningsmedel (E 412).",
				"navCategories": [
					{
						"code": "33447",
						"name": "Övrig vegetariskt",
						"superCategories": [
							{
								"code": "39047203",
								"name": "Färskt",
								"superCategories": [
									{
										"code": "39033900",
										"name": "Vegetariskt",
										"superCategories": []
									}
								]
							}
						]
					},
					{
						"code": "334606",
						"name": "Övrig vegetariskt",
						"superCategories": [
							{
								"code": "156564441",
								"name": "Vegetariskt",
								"superCategories": [
									{
										"code": "5377683",
										"name": "Färdigmat & Mellanmål",
										"superCategories": []
									}
								]
							}
						]
					}
				],
				"packageSize": 100.0,
				"packageSizeInformation": "100 G",
				"packageSizeUnit": "Gram",
				"salesPrice": 20.95,
				"salesPriceData": {
					"b2cPrice": 20.95,
					"b2bPrice": 18.71
				},
				"piecePrice": 20.95,
				"piecePriceData": {
					"b2cPrice": 20.95,
					"b2bPrice": 18.71
				},
				"salesUnit": "Styck",
				"comparativePriceText": "kr/kg",
				"comparativePrice": 209.5,
				"comparativePriceData": {
					"b2cPrice": 209.5,
					"b2bPrice": 187.05
				},
				"articleSold": false,
				"deposit": 0.0,
				"depositData": {
					"b2cPrice": 0.0,
					"b2bPrice": 0.0
				},
				"vat": {
					"code": "vat-full-2",
					"value": 12.0,
					"type": "Percentage"
				},
				"nutrientLinks": [
					{
						"amount": [
							"159"
						],
						"description": "Energi",
						"unit": "Kilokalori"
					},
					{
						"amount": [
							"665"
						],
						"description": "Energi",
						"unit": "Kilojoule"
					},
					{
						"amount": [
							"8.1"
						],
						"description": "Fett",
						"unit": "Gram"
					},
					{
						"amount": [
							"1.2"
						],
						"description": "Varav mättat fett",
						"unit": "Gram"
					},
					{
						"amount": [
							"7.0"
						],
						"description": "Kolhydrat",
						"unit": "Gram"
					},
					{
						"amount": [
							"6.0"
						],
						"description": "Varav sockerarter",
						"unit": "Gram"
					},
					{
						"amount": [
							"13"
						],
						"description": "Protein",
						"unit": "Gram"
					},
					{
						"amount": [
							"1.2"
						],
						"description": "Salt",
						"unit": "Gram"
					}
				],
				"animalFoodData": {},
				"fromSweden": false,
				"availableOnline": true,
				"countryOfOriginCodes": [
					{
						"code": "764",
						"value": "Thailand"
					}
				],
				"consumerInstructions": {
					"storageInstructions": "FÖRVARING: Öppnad. I kylskåp i lämplig behållare."
				},
				"isMagazine": false,
				"nutrientBasis": {
					"quantity": 100.0
				},
				"pharmaceuticalData": {
					"isPharmaceutical": false
				},
				"nutrientInformation": [
					{
						"header": {
							"nutrientBasisQuantity": 100.0,
							"nutrientBasisQuantityType": "BY_MEASURE",
							"nutrientBasisQuantityUnit": {
								"code": "GRM",
								"value": "Gram"
							}
						}
					}
				],
				"regulatedProductName": "SOJA- OCH VETEPROTEIN I FLINGOR I SRIRACHASÅS",
				"sustainabilityInfoApplicable": true
			},
			{
				"id": "7332040323119",
				"type": "Product",
				"ean": "7332040323119",
				"name": "Tempeh Naturell",
				"manufacturerName": "Yipin",
				"description": "Tempeh original – nu snackar vi superprodukt! 20 g protein per 100g, schysst mot magen och galet god. Vår tärnade tempeh är riktigt saftig, milt nötaktig i smaken och görs av fermenterade sojabönor. Fermenteringen gör den rik på nyttigheter såsom protein, järn, fibrer och bakterier som är snälla mot magen. Bra va? Tack vare sin fasta konsistens är vår naturella tempeh dessutom enkel att tillaga; smaksätt och stek, ugnsbaka, grilla eller ät kall.",
				"imageUrl": "http://res.cloudinary.com/coopsverige/image/upload/v1695215334/cloud/290988.tiff",
				"listOfIngredients": "SOJABÖNOR (80%), solrosolja, rismjöl, kryddblandning* (bl.a. SOJABÖNOR, salt), fermenteringskultur.",
				"navCategories": [
					{
						"code": "156566004",
						"name": "Tofu",
						"superCategories": [
							{
								"code": "156564441",
								"name": "Vegetariskt",
								"superCategories": [
									{
										"code": "5377683",
										"name": "Färdigmat & Mellanmål",
										"superCategories": []
									}
								]
							}
						]
					},
					{
						"code": "193841390",
						"name": "Tofu",
						"superCategories": [
							{
								"code": "39047203",
								"name": "Färskt",
								"superCategories": [
									{
										"code": "39033900",
										"name": "Vegetariskt",
										"superCategories": []
									}
								]
							}
						]
					}
				],
				"maxStorageTemperature": "8",
				"packageSize": 200.0,
				"packageSizeInformation": "200 g",
				"packageSizeUnit": "Gram",
				"salesPrice": 34.95,
				"salesPriceData": {
					"b2cPrice": 34.95,
					"b2bPrice": 31.21
				},
				"piecePrice": 34.95,
				"piecePriceData": {
					"b2cPrice": 34.95,
					"b2bPrice": 31.21
				},
				"salesUnit": "Styck",
				"comparativePriceText": "kr/kg",
				"comparativePrice": 174.75,
				"comparativePriceData": {
					"b2cPrice": 174.75,
					"b2bPrice": 156.03
				},
				"articleSold": false,
				"deposit": 0.0,
				"depositData": {
					"b2cPrice": 0.0,
					"b2bPrice": 0.0
				},
				"vat": {
					"code": "vat-full-2",
					"value": 12.0,
					"type": "Percentage"
				},
				"nutrientLinks": [
					{
						"amount": [
							"272"
						],
						"description": "Energi",
						"unit": "Kilokalori"
					},
					{
						"amount": [
							"1136"
						],
						"description": "Energi",
						"unit": "Kilojoule"
					},
					{
						"amount": [
							"20"
						],
						"description": "Fett",
						"unit": "Gram"
					},
					{
						"amount": [
							"3"
						],
						"description": "Varav mättat fett",
						"unit": "Gram"
					},
					{
						"amount": [
							"3"
						],
						"description": "Kolhydrat",
						"unit": "Gram"
					},
					{
						"amount": [
							"0.1"
						],
						"description": "Varav sockerarter",
						"unit": "Gram"
					},
					{
						"amount": [
							"20"
						],
						"description": "Protein",
						"unit": "Gram"
					},
					{
						"amount": [
							"0.1"
						],
						"description": "Salt",
						"unit": "Gram"
					}
				],
				"animalFoodData": {},
				"fromSweden": false,
				"availableOnline": true,
				"isMagazine": false,
				"nutrientBasis": {
					"quantity": 100.0
				},
				"pharmaceuticalData": {
					"isPharmaceutical": false
				},
				"nutrientInformation": [
					{
						"header": {
							"nutrientBasisQuantity": 100.0,
							"nutrientBasisQuantityType": "BY_MEASURE",
							"nutrientBasisQuantityUnit": {
								"code": "GRM",
								"value": "Gram"
							}
						}
					}
				],
				"sustainabilityInfoApplicable": true
			},
			{
				"id": "7332040323317",
				"type": "Product",
				"ean": "7332040323317",
				"name": "Tempeh Naturell Helbit",
				"manufacturerName": "Yipin",
				"imageUrl": "http://res.cloudinary.com/coopsverige/image/upload/v1720158453/cloud/370827.tiff",
				"listOfIngredients": "SOJABÖNOR/SOYABØNNER 80%, rismjöl/rismel, fermenteringskultur.",
				"navCategories": [
					{
						"code": "156566004",
						"name": "Tofu",
						"superCategories": [
							{
								"code": "156564441",
								"name": "Vegetariskt",
								"superCategories": [
									{
										"code": "5377683",
										"name": "Färdigmat & Mellanmål",
										"superCategories": []
									}
								]
							}
						]
					},
					{
						"code": "193841390",
						"name": "Tofu",
						"superCategories": [
							{
								"code": "39047203",
								"name": "Färskt",
								"superCategories": [
									{
										"code": "39033900",
										"name": "Vegetariskt",
										"superCategories": []
									}
								]
							}
						]
					}
				],
				"maxStorageTemperature": "8",
				"packageSize": 200.0,
				"packageSizeInformation": "200 g",
				"packageSizeUnit": "Gram",
				"salesPrice": 33.95,
				"salesPriceData": {
					"b2cPrice": 33.95,
					"b2bPrice": 30.31
				},
				"piecePrice": 33.95,
				"piecePriceData": {
					"b2cPrice": 33.95,
					"b2bPrice": 30.31
				},
				"salesUnit": "Styck",
				"comparativePriceText": "kr/kg",
				"comparativePrice": 169.75,
				"comparativePriceData": {
					"b2cPrice": 169.75,
					"b2bPrice": 151.56
				},
				"articleSold": false,
				"deposit": 0.0,
				"depositData": {
					"b2cPrice": 0.0,
					"b2bPrice": 0.0
				},
				"vat": {
					"code": "vat-full-2",
					"value": 12.0,
					"type": "Percentage"
				},
				"nutrientLinks": [
					{
						"amount": [
							"184"
						],
						"description": "Energi",
						"unit": "Kilokalori"
					},
					{
						"amount": [
							"768"
						],
						"description": "Energi",
						"unit": "Kilojoule"
					},
					{
						"amount": [
							"9.7"
						],
						"description": "Fett",
						"unit": "Gram"
					},
					{
						"amount": [
							"1.9"
						],
						"description": "Varav mättat fett",
						"unit": "Gram"
					},
					{
						"amount": [
							"2.0"
						],
						"description": "Kolhydrat",
						"unit": "Gram"
					},
					{
						"amount": [
							"0.5"
						],
						"description": "Varav sockerarter",
						"unit": "Gram"
					},
					{
						"amount": [
							"19"
						],
						"description": "Protein",
						"unit": "Gram"
					},
					{
						"amount": [
							"0.01"
						],
						"description": "Salt",
						"unit": "Gram"
					}
				],
				"animalFoodData": {},
				"allergyInfo": [
					{
						"code": "VEGAN"
					}
				],
				"fromSweden": false,
				"availableOnline": true,
				"countryOfOriginCodes": [
					{
						"code": "752",
						"value": "Sverige"
					}
				],
				"isMagazine": false,
				"nutrientBasis": {
					"quantity": 100.0
				},
				"pharmaceuticalData": {
					"isPharmaceutical": false
				},
				"nutrientInformation": [
					{
						"header": {
							"nutrientBasisQuantity": 100.0,
							"nutrientBasisQuantityType": "BY_MEASURE",
							"nutrientBasisQuantityUnit": {
								"code": "GRM",
								"value": "Gram"
							}
						}
					}
				],
				"sustainabilityInfoApplicable": true
			},
			{
				"id": "7332040323218",
				"type": "Product",
				"ean": "7332040323218",
				"name": "Tempeh Teriyaki ",
				"manufacturerName": "YiPin",
				"imageUrl": "http://res.cloudinary.com/coopsverige/image/upload/v1650967520/cloud/251270.tiff",
				"listOfIngredients": "SOJABÖNOR/SOYABØNNER 80%, soljrosolja/solsikkeolje, rismjöl/rismel, kryddor (bl.a. SOJA/SOYA, sirap, ättika, ingefära, salt), fermenteringskultur.",
				"navCategories": [
					{
						"code": "156566004",
						"name": "Tofu",
						"superCategories": [
							{
								"code": "156564441",
								"name": "Vegetariskt",
								"superCategories": [
									{
										"code": "5377683",
										"name": "Färdigmat & Mellanmål",
										"superCategories": []
									}
								]
							}
						]
					},
					{
						"code": "193841390",
						"name": "Tofu",
						"superCategories": [
							{
								"code": "39047203",
								"name": "Färskt",
								"superCategories": [
									{
										"code": "39033900",
										"name": "Vegetariskt",
										"superCategories": []
									}
								]
							}
						]
					}
				],
				"maxStorageTemperature": "8",
				"packageSize": 200.0,
				"packageSizeInformation": "200 g",
				"packageSizeUnit": "Gram",
				"salesPrice": 34.95,
				"salesPriceData": {
					"b2cPrice": 34.95,
					"b2bPrice": 31.21
				},
				"piecePrice": 34.95,
				"piecePriceData": {
					"b2cPrice": 34.95,
					"b2bPrice": 31.21
				},
				"salesUnit": "Styck",
				"comparativePriceText": "kr/kg",
				"comparativePrice": 174.75,
				"comparativePriceData": {
					"b2cPrice": 174.75,
					"b2bPrice": 156.03
				},
				"articleSold": false,
				"deposit": 0.0,
				"depositData": {
					"b2cPrice": 0.0,
					"b2bPrice": 0.0
				},
				"vat": {
					"code": "vat-full-2",
					"value": 12.0,
					"type": "Percentage"
				},
				"nutrientLinks": [
					{
						"amount": [
							"262"
						],
						"description": "Energi",
						"unit": "Kilokalori"
					},
					{
						"amount": [
							"1095"
						],
						"description": "Energi",
						"unit": "Kilojoule"
					},
					{
						"amount": [
							"18"
						],
						"description": "Fett",
						"unit": "Gram"
					},
					{
						"amount": [
							"1"
						],
						"description": "Varav mättat fett",
						"unit": "Gram"
					},
					{
						"amount": [
							"5"
						],
						"description": "Kolhydrat",
						"unit": "Gram"
					},
					{
						"amount": [
							"4"
						],
						"description": "Varav sockerarter",
						"unit": "Gram"
					},
					{
						"amount": [
							"20"
						],
						"description": "Protein",
						"unit": "Gram"
					},
					{
						"amount": [
							"1"
						],
						"description": "Salt",
						"unit": "Gram"
					}
				],
				"animalFoodData": {},
				"allergyInfo": [
					{
						"code": "VEGAN"
					}
				],
				"fromSweden": false,
				"availableOnline": true,
				"countryOfOriginCodes": [
					{
						"code": "752",
						"value": "Sverige"
					}
				],
				"isMagazine": false,
				"nutrientBasis": {
					"quantity": 100.0
				},
				"pharmaceuticalData": {
					"isPharmaceutical": false
				},
				"nutrientInformation": [
					{
						"header": {
							"nutrientBasisQuantity": 100.0,
							"nutrientBasisQuantityType": "BY_MEASURE",
							"nutrientBasisQuantityUnit": {
								"code": "GRM",
								"value": "Gram"
							}
						}
					}
				],
				"regulatedProductName": "Tempeh Teriyaki",
				"sustainabilityInfoApplicable": true
			},
			{
				"id": "7332040302114",
				"type": "Product",
				"ean": "7332040302114",
				"name": "Tofu Alspånsrökt Eko",
				"manufacturerName": "Yipin",
				"description": "Rökt tofu från Yipin – ett gott alternativ till bacon, korv och skinka. Tillverkad i Sverige av familjen Lu, ekologisk och vegansk. Tack vare sin extra fasta konsistens är den enkel att steka, ugnsbaka eller grilla. Laga en stroganoff med alspånsrökt tofu istället för korv, eller låt tofun ersätta bacon i en carbonara. Den är även god att äta kall, t ex som skivat pålägg på mackan.Tofu är ett klimatsmart, veganskt protein som passar i alla typer av rätter och kan ersätta kött, kyckling och fisk. Yipin tillverkar tofu lokalt i Vallentuna, Sverige, av ekologiska sojabönor odlade i Frankrike. I vårt sortiment hittar du alltifrån örtmarinerad tofu, friterad tofu och naturell tofu till tempeh och vegansk laxröra.",
				"imageUrl": "http://res.cloudinary.com/coopsverige/image/upload/v1695215319/cloud/290985.tiff",
				"listOfIngredients": "INGREDIENSER SOJABÖNOR* odlade inom EU (65%), vatten,SOJASÅS* (SOJABÖNOR*, VETE*), kryddor*(örtsalt*), mineralsalt, alspånsrök.*EKOLOGISK",
				"navCategories": [
					{
						"code": "156566004",
						"name": "Tofu",
						"superCategories": [
							{
								"code": "156564441",
								"name": "Vegetariskt",
								"superCategories": [
									{
										"code": "5377683",
										"name": "Färdigmat & Mellanmål",
										"superCategories": []
									}
								]
							}
						]
					},
					{
						"code": "193841390",
						"name": "Tofu",
						"superCategories": [
							{
								"code": "39047203",
								"name": "Färskt",
								"superCategories": [
									{
										"code": "39033900",
										"name": "Vegetariskt",
										"superCategories": []
									}
								]
							}
						]
					}
				],
				"accreditedTags": [
					{
						"code": "NYCKELHALET",
						"description": "Nyckelhålet",
						"imageUrl": "https://res.cloudinary.com/coopsverige/image/upload/v1618910221/cooponline/Labels%27/nyckelhal_RGB.png",
						"priority": 240
					},
					{
						"code": "EU_ORGANIC_FARMING",
						"description": "EU Ekologiskt jordbruk",
						"imageUrl": "https://res.cloudinary.com/coopsverige/image/upload/cooponline/produktmarkning/EUOrganicFarmingLogo.jpg",
						"priority": 210
					}
				],
				"maxStorageTemperature": "8",
				"packageSize": 230.0,
				"packageSizeInformation": "230 g",
				"packageSizeUnit": "Gram",
				"salesPrice": 32.5,
				"salesPriceData": {
					"b2cPrice": 32.5,
					"b2bPrice": 29.02
				},
				"piecePrice": 32.5,
				"piecePriceData": {
					"b2cPrice": 32.5,
					"b2bPrice": 29.02
				},
				"salesUnit": "Styck",
				"comparativePriceText": "kr/kg",
				"comparativePrice": 141.3,
				"comparativePriceData": {
					"b2cPrice": 141.3,
					"b2bPrice": 126.16
				},
				"articleSold": false,
				"deposit": 0.0,
				"depositData": {
					"b2cPrice": 0.0,
					"b2bPrice": 0.0
				},
				"vat": {
					"code": "vat-full-2",
					"value": 12.0,
					"type": "Percentage"
				},
				"nutrientLinks": [
					{
						"amount": [
							"144"
						],
						"description": "Energi",
						"unit": "Kilokalori"
					},
					{
						"amount": [
							"602"
						],
						"description": "Energi",
						"unit": "Kilojoule"
					},
					{
						"amount": [
							"7.60"
						],
						"description": "Fett",
						"unit": "Gram"
					},
					{
						"amount": [
							"1.20"
						],
						"description": "Varav mättat fett",
						"unit": "Gram"
					},
					{
						"amount": [
							"0.60"
						],
						"description": "Kolhydrat",
						"unit": "Gram"
					},
					{
						"amount": [
							"0.50"
						],
						"description": "Varav sockerarter",
						"unit": "Gram"
					},
					{
						"amount": [
							"16.40"
						],
						"description": "Protein",
						"unit": "Gram"
					},
					{
						"amount": [
							"1"
						],
						"description": "Salt",
						"unit": "Gram"
					}
				],
				"animalFoodData": {},
				"onlinePromotions": [
					{
						"id": "016001_31139",
						"price": 55.0,
						"priceData": {
							"b2cPrice": 55.0,
							"b2bPrice": 49.11
						},
						"startDate": "2025-01-26T23:00:00Z",
						"endDate": "2025-03-09T23:00:00Z",
						"message": "TOFU 2 för 55kr-2 för 55:-",
						"type": "MULTI_BUY_FIXED_PRICE",
						"numberOfProductRequired": 2,
						"medMeraRequired": false,
						"priority": 910
					}
				],
				"fromSweden": false,
				"availableOnline": true,
				"countryOfOriginCodes": [
					{
						"code": "752",
						"value": "Sverige"
					}
				],
				"shortTradeItemMarketingMessage": {
					"seq1": "Rökt tofu från Yipin – ett gott alternativ till bacon, korv och skinka. Tillverkad i Sverige av familjen Lu, ekologisk och vegansk. Enkel att steka, ugnsbaka eller grilla och god i t ex stroganoff och carbonara."
				},
				"compulsoryAdditiveLabelInformation": "BÄST FÖRE se förpackning.KYLVARA 2-8 °C. Öppnad förpackning bör förbrukas inom 3 dagar. KÄLLSORTERING Plast",
				"preparationInstructions": "1) Skär tofun i skivor, stavar eller tärningar. 2) Stek, ugnsbaka, panera, woka eller grilla tofun. Tips! Stek alspånsrökt tofu  och vänd ner den i en stroganoff (istället för korv), eller i en carbonara istället för bacon. Eller varför inte hyvla tofun och ha som pålägg på mackan? Riktigt gott kan vi lova!",
				"preparationInstructionsList": [
					"1) Skär tofun i skivor, stavar eller tärningar. 2) Stek, ugnsbaka, panera, woka eller grilla tofun. Tips! Stek alspånsrökt tofu  och vänd ner den i en stroganoff (istället för korv), eller i en carbonara istället för bacon. Eller varför inte hyvla tofun och ha som pålägg på mackan? Riktigt gott kan vi lova!"
				],
				"isMagazine": false,
				"nutrientBasis": {
					"quantity": 100.0
				},
				"pharmaceuticalData": {
					"isPharmaceutical": false
				},
				"nutrientInformation": [
					{
						"header": {
							"nutrientBasisQuantity": 100.0,
							"nutrientBasisQuantityType": "BY_MEASURE",
							"nutrientBasisQuantityUnit": {
								"code": "GRM",
								"value": "Gram"
							}
						}
					}
				],
				"sustainabilityInfoApplicable": true
			},
			{
				"id": "7300156596994",
				"type": "Product",
				"ean": "7300156596994",
				"name": "Tofu Bokspånsrökt",
				"manufacturerName": "Coop",
				"imageUrl": "http://res.cloudinary.com/coopsverige/image/upload/v1710154563/cloud/334333.tiff",
				"listOfIngredients": "INGREDIENSER: SOJABÖNOR 57% (Europa), vatten, konsistensmedel (E 509, E 511), salt med tillsatt jod. Rökt.",
				"navCategories": [
					{
						"code": "156566004",
						"name": "Tofu",
						"superCategories": [
							{
								"code": "156564441",
								"name": "Vegetariskt",
								"superCategories": [
									{
										"code": "5377683",
										"name": "Färdigmat & Mellanmål",
										"superCategories": []
									}
								]
							}
						]
					},
					{
						"code": "193841390",
						"name": "Tofu",
						"superCategories": [
							{
								"code": "39047203",
								"name": "Färskt",
								"superCategories": [
									{
										"code": "39033900",
										"name": "Vegetariskt",
										"superCategories": []
									}
								]
							}
						]
					}
				],
				"accreditedTags": [
					{
						"code": "NYCKELHALET",
						"description": "Nyckelhålet",
						"imageUrl": "https://res.cloudinary.com/coopsverige/image/upload/v1618910221/cooponline/Labels%27/nyckelhal_RGB.png",
						"priority": 240
					}
				],
				"maxStorageTemperature": "8",
				"packageSize": 180.0,
				"packageSizeInformation": "180 g",
				"packageSizeUnit": "Gram",
				"salesPrice": 14.5,
				"salesPriceData": {
					"b2cPrice": 14.5,
					"b2bPrice": 12.95
				},
				"piecePrice": 14.5,
				"piecePriceData": {
					"b2cPrice": 14.5,
					"b2bPrice": 12.95
				},
				"salesUnit": "Styck",
				"comparativePriceText": "kr/kg",
				"comparativePrice": 80.56,
				"comparativePriceData": {
					"b2cPrice": 80.56,
					"b2bPrice": 71.93
				},
				"articleSold": false,
				"deposit": 0.0,
				"depositData": {
					"b2cPrice": 0.0,
					"b2bPrice": 0.0
				},
				"vat": {
					"code": "vat-full-2",
					"value": 12.0,
					"type": "Percentage"
				},
				"nutrientLinks": [
					{
						"amount": [
							"146"
						],
						"description": "Energi",
						"unit": "Kilokalori"
					},
					{
						"amount": [
							"608"
						],
						"description": "Energi",
						"unit": "Kilojoule"
					},
					{
						"amount": [
							"8.5"
						],
						"description": "Fett",
						"unit": "Gram"
					},
					{
						"amount": [
							"1.3"
						],
						"description": "Varav mättat fett",
						"unit": "Gram"
					},
					{
						"amount": [
							"1.8"
						],
						"description": "Kolhydrat",
						"unit": "Gram"
					},
					{
						"amount": [
							"0.5"
						],
						"description": "Varav sockerarter",
						"unit": "Gram"
					},
					{
						"amount": [
							"1.0"
						],
						"description": "Fiber",
						"unit": "Gram"
					},
					{
						"amount": [
							"15"
						],
						"description": "Protein",
						"unit": "Gram"
					},
					{
						"amount": [
							"0.9"
						],
						"description": "Salt",
						"unit": "Gram"
					},
					{
						"amount": [
							"220"
						],
						"description": "Kalcium",
						"unit": "Milligram",
						"percentageOfDailyIntake": "28"
					}
				],
				"animalFoodData": {},
				"fromSweden": false,
				"availableOnline": true,
				"countryOfOriginCodes": [
					{
						"code": "703",
						"value": "Slovakien"
					}
				],
				"isMagazine": false,
				"nutrientBasis": {
					"quantity": 100.0
				},
				"pharmaceuticalData": {
					"isPharmaceutical": false
				},
				"nutrientInformation": [
					{
						"header": {
							"nutrientBasisQuantity": 100.0,
							"nutrientBasisQuantityType": "BY_MEASURE",
							"nutrientBasisQuantityUnit": {
								"code": "GRM",
								"value": "Gram"
							}
						}
					}
				],
				"sustainabilityInfoApplicable": true
			},
			{
				"id": "7300156582089",
				"type": "Product",
				"ean": "7300156582089",
				"name": "Tofu Eko",
				"manufacturerName": "Änglamark",
				"imageUrl": "http://res.cloudinary.com/coopsverige/image/upload/v1539380809/352560.tiff",
				"listOfIngredients": "INGREDIENSER: Vatten, SOJABÖNOR ** (Kanada). **KRAV-ekologisk ingrediens. KRAV-märkningen verifieras av Kiwa.",
				"navCategories": [
					{
						"code": "156566004",
						"name": "Tofu",
						"superCategories": [
							{
								"code": "156564441",
								"name": "Vegetariskt",
								"superCategories": [
									{
										"code": "5377683",
										"name": "Färdigmat & Mellanmål",
										"superCategories": []
									}
								]
							}
						]
					},
					{
						"code": "193841390",
						"name": "Tofu",
						"superCategories": [
							{
								"code": "39047203",
								"name": "Färskt",
								"superCategories": [
									{
										"code": "39033900",
										"name": "Vegetariskt",
										"superCategories": []
									}
								]
							}
						]
					}
				],
				"accreditedTags": [
					{
						"code": "EU_ORGANIC_FARMING",
						"description": "EU Ekologiskt jordbruk",
						"imageUrl": "https://res.cloudinary.com/coopsverige/image/upload/cooponline/produktmarkning/EUOrganicFarmingLogo.jpg",
						"priority": 210
					},
					{
						"code": "NYCKELHALET",
						"description": "Nyckelhålet",
						"imageUrl": "https://res.cloudinary.com/coopsverige/image/upload/v1618910221/cooponline/Labels%27/nyckelhal_RGB.png",
						"priority": 240
					},
					{
						"code": "KRAV_MARK",
						"description": "KRAV-märkt",
						"imageUrl": "https://res.cloudinary.com/coopsverige/image/upload/cooponline/produktmarkning/KRAVLogo.svg",
						"priority": 330
					}
				],
				"maxStorageTemperature": "8",
				"packageSize": 250.0,
				"packageSizeInformation": "250 g",
				"packageSizeUnit": "Gram",
				"salesPrice": 24.95,
				"salesPriceData": {
					"b2cPrice": 24.95,
					"b2bPrice": 22.28
				},
				"piecePrice": 24.95,
				"piecePriceData": {
					"b2cPrice": 24.95,
					"b2bPrice": 22.28
				},
				"salesUnit": "Styck",
				"comparativePriceText": "kr/kg",
				"comparativePrice": 99.8,
				"comparativePriceData": {
					"b2cPrice": 99.8,
					"b2bPrice": 89.11
				},
				"articleSold": false,
				"deposit": 0.0,
				"depositData": {
					"b2cPrice": 0.0,
					"b2bPrice": 0.0
				},
				"vat": {
					"code": "vat-full-2",
					"value": 12.0,
					"type": "Percentage"
				},
				"nutrientLinks": [
					{
						"amount": [
							"101"
						],
						"description": "Energi",
						"unit": "Kilokalori"
					},
					{
						"amount": [
							"422"
						],
						"description": "Energi",
						"unit": "Kilojoule"
					},
					{
						"amount": [
							"5"
						],
						"description": "Fett",
						"unit": "Gram"
					},
					{
						"amount": [
							"1"
						],
						"description": "Varav mättat fett",
						"unit": "Gram"
					},
					{
						"amount": [
							"2"
						],
						"description": "Kolhydrat",
						"unit": "Gram"
					},
					{
						"amount": [
							"0"
						],
						"description": "Varav sockerarter",
						"unit": "Gram"
					},
					{
						"amount": [
							"10"
						],
						"description": "Protein",
						"unit": "Gram"
					},
					{
						"amount": [
							"0.01"
						],
						"description": "Salt",
						"unit": "Gram"
					}
				],
				"animalFoodData": {},
				"onlinePromotions": [
					{
						"id": "016001_31154",
						"price": 44.0,
						"priceData": {
							"b2cPrice": 44.0,
							"b2bPrice": 39.29
						},
						"startDate": "2025-01-26T23:00:00Z",
						"endDate": "2025-03-09T23:00:00Z",
						"message": "TOFU NATURELL  2 för 44k-2 för 44:-",
						"type": "MULTI_BUY_FIXED_PRICE",
						"numberOfProductRequired": 2,
						"medMeraRequired": false,
						"priority": 910
					}
				],
				"fromSweden": false,
				"availableOnline": true,
				"countryOfOriginCodes": [
					{
						"code": "528",
						"value": "Nederländerna"
					}
				],
				"consumerInstructions": {
					"storageInstructions": "FÖRVARING: Vid högst +8°C."
				},
				"isMagazine": false,
				"nutrientBasis": {
					"quantity": 100.0
				},
				"pharmaceuticalData": {
					"isPharmaceutical": false
				},
				"nutrientInformation": [
					{
						"header": {
							"nutrientBasisQuantity": 100.0,
							"nutrientBasisQuantityType": "BY_MEASURE",
							"nutrientBasisQuantityUnit": {
								"code": "GRM",
								"value": "Gram"
							}
						}
					}
				],
				"sustainabilityInfo": [
					{
						"productScore": [
							{
								"score": 1.0,
								"param": "Biologisk mångfald",
								"paramId": "biodiversity"
							},
							{
								"score": 1.5,
								"param": "Klimat",
								"paramId": "climate"
							},
							{
								"score": 1.0,
								"param": "Bördighet",
								"paramId": "soil_fertility"
							},
							{
								"score": 1.5,
								"param": "Vatten",
								"paramId": "water"
							},
							{
								"score": 1.0,
								"param": "Bekämpningsmedel",
								"paramId": "pesticides"
							},
							{
								"score": 1.0,
								"param": "Övergödning",
								"paramId": "eutrophication"
							},
							{
								"score": null,
								"param": "Djuromsorg och antibiotika",
								"paramId": "animal_welfare_antibiotics"
							},
							{
								"score": 1.0,
								"param": "Arbetsförhållanden",
								"paramId": "working_conditions"
							},
							{
								"score": 1.0,
								"param": "Lokalbefolkning",
								"paramId": "local_population"
							},
							{
								"score": 1.0,
								"param": "Lagefterlevnad och spårbarhet",
								"paramId": "compliance_traceability"
							}
						]
					}
				],
				"regulatedProductName": "Ekologisk tofu",
				"sustainabilityInfoApplicable": true
			},
			{
				"id": "7332040300516",
				"type": "Product",
				"ean": "7332040300516",
				"name": "Tofu Marinerad Sojasås & ingefära",
				"manufacturerName": "Yipin",
				"description": "Tillverkad i Sverige, av familjen Lu. Vår marinerade tofu har en fyllig smak av sojasås, ingefära och vitlök som tar smaklökarna till Asien. Med sin extra fasta konsistens är tofun enkel och god att steka, ugnsbaka, woka, grilla eller äta kall. Extra god i wok, tacos, sallader och poké bowls. Tofu är ett protein som varit populärt i Asien i över 2000 år. Det är proteinrikt, kalorisnålt och naturligt växtbaserat. Tofu passar i alla typer av rätter och kan ersätta kött, kyckling och fisk. Yipin tillverkar tofu lokalt i Vallentuna, Sverige, av ekologiska sojabönor odlade i Frankrike. I vårt sortiment hittar du alltifrån alspånsrökt tofu, friterad tofu och naturell tofu till tempeh och vegansk skagenröra.",
				"imageUrl": "http://res.cloudinary.com/coopsverige/image/upload/v1696235381/cloud/292110.tiff",
				"listOfIngredients": "SOJABÖNOR/SOYABØNNER från/fra EU 70%, vatten/vand, SOJA/SOYAsås/saus (SOJA/SOYA, VETE/HVEDE, sirap/sirup), ingefära/ ingefær, kryddor (bl.a. vitlök/hvidløg, lök/løg, salt), mineralsalt.",
				"navCategories": [
					{
						"code": "156566004",
						"name": "Tofu",
						"superCategories": [
							{
								"code": "156564441",
								"name": "Vegetariskt",
								"superCategories": [
									{
										"code": "5377683",
										"name": "Färdigmat & Mellanmål",
										"superCategories": []
									}
								]
							}
						]
					},
					{
						"code": "193841390",
						"name": "Tofu",
						"superCategories": [
							{
								"code": "39047203",
								"name": "Färskt",
								"superCategories": [
									{
										"code": "39033900",
										"name": "Vegetariskt",
										"superCategories": []
									}
								]
							}
						]
					}
				],
				"maxStorageTemperature": "8",
				"packageSize": 230.0,
				"packageSizeInformation": "230 g",
				"packageSizeUnit": "Gram",
				"salesPrice": 31.5,
				"salesPriceData": {
					"b2cPrice": 31.5,
					"b2bPrice": 28.13
				},
				"piecePrice": 31.5,
				"piecePriceData": {
					"b2cPrice": 31.5,
					"b2bPrice": 28.13
				},
				"salesUnit": "Styck",
				"comparativePriceText": "kr/kg",
				"comparativePrice": 136.96,
				"comparativePriceData": {
					"b2cPrice": 136.96,
					"b2bPrice": 122.29
				},
				"articleSold": false,
				"deposit": 0.0,
				"depositData": {
					"b2cPrice": 0.0,
					"b2bPrice": 0.0
				},
				"vat": {
					"code": "vat-full-2",
					"value": 12.0,
					"type": "Percentage"
				},
				"nutrientLinks": [
					{
						"amount": [
							"139"
						],
						"description": "Energi",
						"unit": "Kilokalori"
					},
					{
						"amount": [
							"581"
						],
						"description": "Energi",
						"unit": "Kilojoule"
					},
					{
						"amount": [
							"6.6"
						],
						"description": "Fett",
						"unit": "Gram"
					},
					{
						"amount": [
							"1.0"
						],
						"description": "Varav mättat fett",
						"unit": "Gram"
					},
					{
						"amount": [
							"3.7"
						],
						"description": "Kolhydrat",
						"unit": "Gram"
					},
					{
						"amount": [
							"1.9"
						],
						"description": "Varav sockerarter",
						"unit": "Gram"
					},
					{
						"amount": [
							"16.2"
						],
						"description": "Protein",
						"unit": "Gram"
					},
					{
						"amount": [
							"1.0"
						],
						"description": "Salt",
						"unit": "Gram"
					}
				],
				"animalFoodData": {},
				"allergyInfo": [
					{
						"code": "VEGAN"
					}
				],
				"onlinePromotions": [
					{
						"id": "016001_31139",
						"price": 55.0,
						"priceData": {
							"b2cPrice": 55.0,
							"b2bPrice": 49.11
						},
						"startDate": "2025-01-26T23:00:00Z",
						"endDate": "2025-03-09T23:00:00Z",
						"message": "TOFU 2 för 55kr-2 för 55:-",
						"type": "MULTI_BUY_FIXED_PRICE",
						"numberOfProductRequired": 2,
						"medMeraRequired": false,
						"priority": 910
					}
				],
				"fromSweden": false,
				"availableOnline": true,
				"countryOfOriginCodes": [
					{
						"code": "752",
						"value": "Sverige"
					}
				],
				"preparationInstructions": "1. Skiva tofun i ca. 2 cm tjocka filéer eller kuber.2. Stek eller woka tofun i olja på medelhög värme i 5 min på båda sidor, tills tofun fått lätt krispig stekyta.3. Servera med grönsaker + ris eller nudlar och njut!",
				"preparationInstructionsList": [
					"1. Skiva tofun i ca. 2 cm tjocka filéer eller kuber.2. Stek eller woka tofun i olja på medelhög värme i 5 min på båda sidor, tills tofun fått lätt krispig stekyta.3. Servera med grönsaker + ris eller nudlar och njut!"
				],
				"isMagazine": false,
				"nutrientBasis": {
					"quantity": 100.0
				},
				"pharmaceuticalData": {
					"isPharmaceutical": false
				},
				"nutrientInformation": [
					{
						"header": {
							"nutrientBasisQuantity": 100.0,
							"nutrientBasisQuantityType": "BY_MEASURE",
							"nutrientBasisQuantityUnit": {
								"code": "GRM",
								"value": "Gram"
							}
						}
					}
				],
				"sustainabilityInfoApplicable": true
			},
			{
				"id": "7300156596987",
				"type": "Product",
				"ean": "7300156596987",
				"name": "Tofu Naturell",
				"manufacturerName": "Coop",
				"imageUrl": "http://res.cloudinary.com/coopsverige/image/upload/v1710154549/cloud/334332.tiff",
				"listOfIngredients": "INGREDIENSER: SOJABÖNOR 62% (Europa), vatten, konsistensmedel (E 509, E 511).",
				"navCategories": [
					{
						"code": "156566004",
						"name": "Tofu",
						"superCategories": [
							{
								"code": "156564441",
								"name": "Vegetariskt",
								"superCategories": [
									{
										"code": "5377683",
										"name": "Färdigmat & Mellanmål",
										"superCategories": []
									}
								]
							}
						]
					},
					{
						"code": "193841390",
						"name": "Tofu",
						"superCategories": [
							{
								"code": "39047203",
								"name": "Färskt",
								"superCategories": [
									{
										"code": "39033900",
										"name": "Vegetariskt",
										"superCategories": []
									}
								]
							}
						]
					}
				],
				"accreditedTags": [
					{
						"code": "NYCKELHALET",
						"description": "Nyckelhålet",
						"imageUrl": "https://res.cloudinary.com/coopsverige/image/upload/v1618910221/cooponline/Labels%27/nyckelhal_RGB.png",
						"priority": 240
					}
				],
				"maxStorageTemperature": "8",
				"packageSize": 180.0,
				"packageSizeInformation": "180 g",
				"packageSizeUnit": "Gram",
				"salesPrice": 16.95,
				"salesPriceData": {
					"b2cPrice": 16.95,
					"b2bPrice": 15.13
				},
				"piecePrice": 16.95,
				"piecePriceData": {
					"b2cPrice": 16.95,
					"b2bPrice": 15.13
				},
				"salesUnit": "Styck",
				"comparativePriceText": "kr/kg",
				"comparativePrice": 94.17,
				"comparativePriceData": {
					"b2cPrice": 94.17,
					"b2bPrice": 84.08
				},
				"articleSold": false,
				"deposit": 0.0,
				"depositData": {
					"b2cPrice": 0.0,
					"b2bPrice": 0.0
				},
				"vat": {
					"code": "vat-full-2",
					"value": 12.0,
					"type": "Percentage"
				},
				"nutrientLinks": [
					{
						"amount": [
							"146"
						],
						"description": "Energi",
						"unit": "Kilokalori"
					},
					{
						"amount": [
							"608"
						],
						"description": "Energi",
						"unit": "Kilojoule"
					},
					{
						"amount": [
							"8.5"
						],
						"description": "Fett",
						"unit": "Gram"
					},
					{
						"amount": [
							"1.3"
						],
						"description": "Varav mättat fett",
						"unit": "Gram"
					},
					{
						"amount": [
							"1.0"
						],
						"description": "Kolhydrat",
						"unit": "Gram"
					},
					{
						"amount": [
							"0.5"
						],
						"description": "Varav sockerarter",
						"unit": "Gram"
					},
					{
						"amount": [
							"1.0"
						],
						"description": "Fiber",
						"unit": "Gram"
					},
					{
						"amount": [
							"15"
						],
						"description": "Protein",
						"unit": "Gram"
					},
					{
						"amount": [
							"0.03"
						],
						"description": "Salt",
						"unit": "Gram"
					},
					{
						"amount": [
							"210"
						],
						"description": "Kalcium",
						"unit": "Milligram",
						"percentageOfDailyIntake": "26"
					}
				],
				"animalFoodData": {},
				"fromSweden": false,
				"availableOnline": true,
				"countryOfOriginCodes": [
					{
						"code": "703",
						"value": "Slovakien"
					}
				],
				"isMagazine": false,
				"nutrientBasis": {
					"quantity": 100.0
				},
				"pharmaceuticalData": {
					"isPharmaceutical": false
				},
				"nutrientInformation": [
					{
						"header": {
							"nutrientBasisQuantity": 100.0,
							"nutrientBasisQuantityType": "BY_MEASURE",
							"nutrientBasisQuantityUnit": {
								"code": "GRM",
								"value": "Gram"
							}
						}
					}
				],
				"sustainabilityInfoApplicable": true
			},
			{
				"id": "7300156596963",
				"type": "Product",
				"ean": "7300156596963",
				"name": "Tofu Naturell",
				"manufacturerName": "Xtra",
				"imageUrl": "http://res.cloudinary.com/coopsverige/image/upload/v1710155220/cloud/334369.tiff",
				"listOfIngredients": "INGREDIENSER: SOJABÖNOR 57% (Europa), vatten, konsistensmedel (E 509, E 511).",
				"navCategories": [
					{
						"code": "156566004",
						"name": "Tofu",
						"superCategories": [
							{
								"code": "156564441",
								"name": "Vegetariskt",
								"superCategories": [
									{
										"code": "5377683",
										"name": "Färdigmat & Mellanmål",
										"superCategories": []
									}
								]
							}
						]
					},
					{
						"code": "193841390",
						"name": "Tofu",
						"superCategories": [
							{
								"code": "39047203",
								"name": "Färskt",
								"superCategories": [
									{
										"code": "39033900",
										"name": "Vegetariskt",
										"superCategories": []
									}
								]
							}
						]
					}
				],
				"accreditedTags": [
					{
						"code": "NYCKELHALET",
						"description": "Nyckelhålet",
						"imageUrl": "https://res.cloudinary.com/coopsverige/image/upload/v1618910221/cooponline/Labels%27/nyckelhal_RGB.png",
						"priority": 240
					}
				],
				"maxStorageTemperature": "8",
				"packageSize": 180.0,
				"packageSizeInformation": "180 g",
				"packageSizeUnit": "Gram",
				"salesPrice": 12.95,
				"salesPriceData": {
					"b2cPrice": 12.95,
					"b2bPrice": 11.56
				},
				"piecePrice": 12.95,
				"piecePriceData": {
					"b2cPrice": 12.95,
					"b2bPrice": 11.56
				},
				"salesUnit": "Styck",
				"comparativePriceText": "kr/kg",
				"comparativePrice": 71.94,
				"comparativePriceData": {
					"b2cPrice": 71.94,
					"b2bPrice": 64.23
				},
				"articleSold": false,
				"deposit": 0.0,
				"depositData": {
					"b2cPrice": 0.0,
					"b2bPrice": 0.0
				},
				"vat": {
					"code": "vat-full-2",
					"value": 12.0,
					"type": "Percentage"
				},
				"nutrientLinks": [
					{
						"amount": [
							"146"
						],
						"description": "Energi",
						"unit": "Kilokalori"
					},
					{
						"amount": [
							"608"
						],
						"description": "Energi",
						"unit": "Kilojoule"
					},
					{
						"amount": [
							"8.5"
						],
						"description": "Fett",
						"unit": "Gram"
					},
					{
						"amount": [
							"1.3"
						],
						"description": "Varav mättat fett",
						"unit": "Gram"
					},
					{
						"amount": [
							"1.8"
						],
						"description": "Kolhydrat",
						"unit": "Gram"
					},
					{
						"amount": [
							"0.5"
						],
						"description": "Varav sockerarter",
						"unit": "Gram"
					},
					{
						"amount": [
							"1.0"
						],
						"description": "Fiber",
						"unit": "Gram"
					},
					{
						"amount": [
							"15"
						],
						"description": "Protein",
						"unit": "Gram"
					},
					{
						"amount": [
							"0.03"
						],
						"description": "Salt",
						"unit": "Gram"
					},
					{
						"amount": [
							"210"
						],
						"description": "Kalcium",
						"unit": "Milligram",
						"percentageOfDailyIntake": "26"
					}
				],
				"animalFoodData": {},
				"fromSweden": false,
				"availableOnline": true,
				"countryOfOriginCodes": [
					{
						"code": "703",
						"value": "Slovakien"
					}
				],
				"isMagazine": false,
				"nutrientBasis": {
					"quantity": 100.0
				},
				"pharmaceuticalData": {
					"isPharmaceutical": false
				},
				"nutrientInformation": [
					{
						"header": {
							"nutrientBasisQuantity": 100.0,
							"nutrientBasisQuantityType": "BY_MEASURE",
							"nutrientBasisQuantityUnit": {
								"code": "GRM",
								"value": "Gram"
							}
						}
					}
				],
				"sustainabilityInfoApplicable": true
			},
			{
				"id": "7332040170546",
				"type": "Product",
				"ean": "7332040170546",
				"name": "Tofu Naturell Eko",
				"manufacturerName": "Yipin",
				"description": "Naturell tofu med fast konsistens – tillverkad i Sverige av familjen Lu, ekologisk och vegansk. Smaksätt tofun precis som du vill, med en god marinad eller generöst med kryddor. Sen väljer du om du vill steka, ugnsbaka, panera, woka eller grilla den. Vår naturella tofu kan bli din bästa vän. Tofu är ett klimatsmart, veganskt protein som passar i alla typer av rätter och kan ersätta kött, kyckling och fisk. Yipin tillverkar tofu lokalt i Vallentuna, Sverige, av EU-ekologiska sojabönor odlade i Frankrike. I vårt sortiment hittar du alltifrån rökt tofu, friterad tofu och silkestofu till tempeh och vegansk skagenröra.",
				"imageUrl": "http://res.cloudinary.com/coopsverige/image/upload/v1632567511/cloud/235135.tiff",
				"listOfIngredients": "INGREDIENSER: Ekologiska SOJABÖNOR odlade inom EU (62%), vatten, mineralsalt (magnesiumklorid)",
				"navCategories": [
					{
						"code": "156566004",
						"name": "Tofu",
						"superCategories": [
							{
								"code": "156564441",
								"name": "Vegetariskt",
								"superCategories": [
									{
										"code": "5377683",
										"name": "Färdigmat & Mellanmål",
										"superCategories": []
									}
								]
							}
						]
					},
					{
						"code": "193841390",
						"name": "Tofu",
						"superCategories": [
							{
								"code": "39047203",
								"name": "Färskt",
								"superCategories": [
									{
										"code": "39033900",
										"name": "Vegetariskt",
										"superCategories": []
									}
								]
							}
						]
					}
				],
				"accreditedTags": [
					{
						"code": "NYCKELHALET",
						"description": "Nyckelhålet",
						"imageUrl": "https://res.cloudinary.com/coopsverige/image/upload/v1618910221/cooponline/Labels%27/nyckelhal_RGB.png",
						"priority": 240
					},
					{
						"code": "EU_ORGANIC_FARMING",
						"description": "EU Ekologiskt jordbruk",
						"imageUrl": "https://res.cloudinary.com/coopsverige/image/upload/cooponline/produktmarkning/EUOrganicFarmingLogo.jpg",
						"priority": 210
					},
					{
						"code": "KRAV_MARK",
						"description": "KRAV-märkt",
						"imageUrl": "https://res.cloudinary.com/coopsverige/image/upload/cooponline/produktmarkning/KRAVLogo.svg",
						"priority": 330
					}
				],
				"maxStorageTemperature": "8",
				"packageSize": 400.0,
				"packageSizeInformation": "400 g",
				"packageSizeUnit": "Gram",
				"salesPrice": 31.5,
				"salesPriceData": {
					"b2cPrice": 31.5,
					"b2bPrice": 28.13
				},
				"piecePrice": 31.5,
				"piecePriceData": {
					"b2cPrice": 31.5,
					"b2bPrice": 28.13
				},
				"salesUnit": "Styck",
				"comparativePriceText": "kr/kg",
				"comparativePrice": 78.75,
				"comparativePriceData": {
					"b2cPrice": 78.75,
					"b2bPrice": 70.31
				},
				"articleSold": false,
				"deposit": 0.0,
				"depositData": {
					"b2cPrice": 0.0,
					"b2bPrice": 0.0
				},
				"vat": {
					"code": "vat-full-2",
					"value": 12.0,
					"type": "Percentage"
				},
				"nutrientLinks": [
					{
						"amount": [
							"118"
						],
						"description": "Energi",
						"unit": "Kilokalori"
					},
					{
						"amount": [
							"494"
						],
						"description": "Energi",
						"unit": "Kilojoule"
					},
					{
						"amount": [
							"5.90"
						],
						"description": "Fett",
						"unit": "Gram"
					},
					{
						"amount": [
							"1.10"
						],
						"description": "Varav mättat fett",
						"unit": "Gram"
					},
					{
						"amount": [
							"2.10"
						],
						"description": "Kolhydrat",
						"unit": "Gram"
					},
					{
						"amount": [
							"0.2"
						],
						"description": "Varav sockerarter",
						"unit": "Gram"
					},
					{
						"amount": [
							"14.20"
						],
						"description": "Protein",
						"unit": "Gram"
					},
					{
						"amount": [
							"0.01"
						],
						"description": "Salt",
						"unit": "Gram"
					}
				],
				"animalFoodData": {},
				"onlinePromotions": [
					{
						"id": "016001_31139",
						"price": 55.0,
						"priceData": {
							"b2cPrice": 55.0,
							"b2bPrice": 49.11
						},
						"startDate": "2025-01-26T23:00:00Z",
						"endDate": "2025-03-09T23:00:00Z",
						"message": "TOFU 2 för 55kr-2 för 55:-",
						"type": "MULTI_BUY_FIXED_PRICE",
						"numberOfProductRequired": 2,
						"medMeraRequired": false,
						"priority": 910
					}
				],
				"fromSweden": false,
				"availableOnline": true,
				"declarationOfOrigin": "Tillverkad i Sverige",
				"countryOfOriginCodes": [
					{
						"code": "752",
						"value": "Sverige"
					}
				],
				"consumerInstructions": {
					"storageInstructions": "Kylvara 2–8 °C.",
					"usageInstructions": "Öppnad förpackning börförbrukas inom 3 dagar."
				},
				"shortTradeItemMarketingMessage": {
					"seq1": "Naturell tofu i fast konsistens – tillverkad i Sverige av familjen Lu, ekologisk och vegansk. Smaksätt tofun precis som du vill, med en god marinad eller generöst med kryddor. Sen väljer du om du vill steka, ugnsbaka, panera, woka eller grilla den."
				},
				"compulsoryAdditiveLabelInformation": "Källsortering: Plast. Naturell & Fast konsistens",
				"preparationInstructions": "1) Valfritt steg: Vira in tofublocket i en kökshandduk och krama ur vätska. 2) Skär tofun i kuber, skivor eller stavar. 3) Krydda generöst under tillagning, eller marinera i minst 15 min före tillagning. 4) Stek, ugnsbaka, panera, woka eller grilla. För krispig tofu; vänd tofun i majsstärkelse och kryddor/marinad och stek eller ugnsbaka. Servera med ris och grönsaker, eller i din favorit-tacos.",
				"preparationInstructionsList": [
					"1) Valfritt steg: Vira in tofublocket i en kökshandduk och krama ur vätska. 2) Skär tofun i kuber, skivor eller stavar. 3) Krydda generöst under tillagning, eller marinera i minst 15 min före tillagning. 4) Stek, ugnsbaka, panera, woka eller grilla. För krispig tofu; vänd tofun i majsstärkelse och kryddor/marinad och stek eller ugnsbaka. Servera med ris och grönsaker, eller i din favorit-tacos."
				],
				"isMagazine": false,
				"nutrientBasis": {
					"quantity": 100.0
				},
				"pharmaceuticalData": {
					"isPharmaceutical": false
				},
				"nutrientInformation": [
					{
						"header": {
							"nutrientBasisQuantity": 100.0,
							"nutrientBasisQuantityType": "BY_MEASURE",
							"nutrientBasisQuantityUnit": {
								"code": "GRM",
								"value": "Gram"
							}
						}
					}
				],
				"sustainabilityInfoApplicable": true
			},
			{
				"id": "7300156596970",
				"type": "Product",
				"ean": "7300156596970",
				"name": "Tofu Naturell Eko",
				"manufacturerName": "Änglamark",
				"imageUrl": "http://res.cloudinary.com/coopsverige/image/upload/v1710155259/cloud/334373.tiff",
				"listOfIngredients": "INGREDIENSER: SOJABÖNOR* 57% (Europa), vatten, kalciumklorid, magnesiumklorid. *KRAV-ekologisk ingrediens. KRAV-märkningen verifieras av KIWA.",
				"navCategories": [
					{
						"code": "156566004",
						"name": "Tofu",
						"superCategories": [
							{
								"code": "156564441",
								"name": "Vegetariskt",
								"superCategories": [
									{
										"code": "5377683",
										"name": "Färdigmat & Mellanmål",
										"superCategories": []
									}
								]
							}
						]
					},
					{
						"code": "193841390",
						"name": "Tofu",
						"superCategories": [
							{
								"code": "39047203",
								"name": "Färskt",
								"superCategories": [
									{
										"code": "39033900",
										"name": "Vegetariskt",
										"superCategories": []
									}
								]
							}
						]
					}
				],
				"accreditedTags": [
					{
						"code": "EU_ORGANIC_FARMING",
						"description": "EU Ekologiskt jordbruk",
						"imageUrl": "https://res.cloudinary.com/coopsverige/image/upload/cooponline/produktmarkning/EUOrganicFarmingLogo.jpg",
						"priority": 210
					},
					{
						"code": "NYCKELHALET",
						"description": "Nyckelhålet",
						"imageUrl": "https://res.cloudinary.com/coopsverige/image/upload/v1618910221/cooponline/Labels%27/nyckelhal_RGB.png",
						"priority": 240
					},
					{
						"code": "KRAV_MARK",
						"description": "KRAV-märkt",
						"imageUrl": "https://res.cloudinary.com/coopsverige/image/upload/cooponline/produktmarkning/KRAVLogo.svg",
						"priority": 330
					}
				],
				"maxStorageTemperature": "8",
				"packageSize": 400.0,
				"packageSizeInformation": "400 g",
				"packageSizeUnit": "Gram",
				"salesPrice": 27.95,
				"salesPriceData": {
					"b2cPrice": 27.95,
					"b2bPrice": 24.96
				},
				"piecePrice": 27.95,
				"piecePriceData": {
					"b2cPrice": 27.95,
					"b2bPrice": 24.96
				},
				"salesUnit": "Styck",
				"comparativePriceText": "kr/kg",
				"comparativePrice": 69.88,
				"comparativePriceData": {
					"b2cPrice": 69.88,
					"b2bPrice": 62.39
				},
				"articleSold": false,
				"deposit": 0.0,
				"depositData": {
					"b2cPrice": 0.0,
					"b2bPrice": 0.0
				},
				"vat": {
					"code": "vat-full-2",
					"value": 12.0,
					"type": "Percentage"
				},
				"nutrientLinks": [
					{
						"amount": [
							"146"
						],
						"description": "Energi",
						"unit": "Kilokalori"
					},
					{
						"amount": [
							"608"
						],
						"description": "Energi",
						"unit": "Kilojoule"
					},
					{
						"amount": [
							"8.5"
						],
						"description": "Fett",
						"unit": "Gram"
					},
					{
						"amount": [
							"1.3"
						],
						"description": "Varav mättat fett",
						"unit": "Gram"
					},
					{
						"amount": [
							"1.8"
						],
						"description": "Kolhydrat",
						"unit": "Gram"
					},
					{
						"amount": [
							"0.5"
						],
						"description": "Varav sockerarter",
						"unit": "Gram"
					},
					{
						"amount": [
							"1.0"
						],
						"description": "Fiber",
						"unit": "Gram"
					},
					{
						"amount": [
							"15"
						],
						"description": "Protein",
						"unit": "Gram"
					},
					{
						"amount": [
							"0.03"
						],
						"description": "Salt",
						"unit": "Gram"
					},
					{
						"amount": [
							"210"
						],
						"description": "Kalcium",
						"unit": "Milligram",
						"percentageOfDailyIntake": "26"
					}
				],
				"animalFoodData": {},
				"allergyInfo": [
					{
						"code": "VEGAN"
					}
				],
				"fromSweden": false,
				"availableOnline": true,
				"countryOfOriginCodes": [
					{
						"code": "703",
						"value": "Slovakien"
					}
				],
				"isMagazine": false,
				"nutrientBasis": {
					"quantity": 100.0
				},
				"pharmaceuticalData": {
					"isPharmaceutical": false
				},
				"nutrientInformation": [
					{
						"header": {
							"nutrientBasisQuantity": 100.0,
							"nutrientBasisQuantityType": "BY_MEASURE",
							"nutrientBasisQuantityUnit": {
								"code": "GRM",
								"value": "Gram"
							}
						}
					}
				],
				"sustainabilityInfoApplicable": true
			},
			{
				"id": "7332040300219",
				"type": "Product",
				"ean": "7332040300219",
				"name": "Tofu Silkesmjuk Eko",
				"manufacturerName": "Yipin",
				"description": "Yipin silkesmjuk tofu är en mjuk tofu – tillverkad i Sverige av familjen Lu. Den passar perfekt som krämig bas i mat, bakverk och desserter – allt du behöver göra är att mixa eller vispa silkestofun. Boosta din smoothie med extra protein och krämighet, eller ersätt crème fraîchen i din kalla sås eller äggen i din pajstanning. Eller varför inte göra en fantastiskt god mousse eller cheesecake med silkestofu?Tofu är ett klimatsmart, veganskt protein som passar i alla typer av rätter och kan ersätta kött, kyckling och fisk. Yipin tillverkar tofu lokalt i Vallentuna, Sverige, av ekologiska sojabönor odlade i Frankrike. I vårt sortiment hittar du alltifrån alspånsrökt tofu, friterad tofu och fast naturell tofu till tempeh och vegansk skagenröra.",
				"imageUrl": "http://res.cloudinary.com/coopsverige/image/upload/v1632567479/cloud/235131.tiff",
				"listOfIngredients": "INGREDIENSER: Vatten, ekologiska SOJABÖNOR odlade inom EU (30%), mineralsalt.",
				"navCategories": [
					{
						"code": "156566004",
						"name": "Tofu",
						"superCategories": [
							{
								"code": "156564441",
								"name": "Vegetariskt",
								"superCategories": [
									{
										"code": "5377683",
										"name": "Färdigmat & Mellanmål",
										"superCategories": []
									}
								]
							}
						]
					},
					{
						"code": "193841390",
						"name": "Tofu",
						"superCategories": [
							{
								"code": "39047203",
								"name": "Färskt",
								"superCategories": [
									{
										"code": "39033900",
										"name": "Vegetariskt",
										"superCategories": []
									}
								]
							}
						]
					}
				],
				"accreditedTags": [
					{
						"code": "NYCKELHALET",
						"description": "Nyckelhålet",
						"imageUrl": "https://res.cloudinary.com/coopsverige/image/upload/v1618910221/cooponline/Labels%27/nyckelhal_RGB.png",
						"priority": 240
					},
					{
						"code": "EU_ORGANIC_FARMING",
						"description": "EU Ekologiskt jordbruk",
						"imageUrl": "https://res.cloudinary.com/coopsverige/image/upload/cooponline/produktmarkning/EUOrganicFarmingLogo.jpg",
						"priority": 210
					}
				],
				"maxStorageTemperature": "8",
				"packageSize": 400.0,
				"packageSizeInformation": "400 g",
				"packageSizeUnit": "Gram",
				"salesPrice": 33.95,
				"salesPriceData": {
					"b2cPrice": 33.95,
					"b2bPrice": 30.31
				},
				"piecePrice": 33.95,
				"piecePriceData": {
					"b2cPrice": 33.95,
					"b2bPrice": 30.31
				},
				"salesUnit": "Styck",
				"comparativePriceText": "kr/kg",
				"comparativePrice": 84.88,
				"comparativePriceData": {
					"b2cPrice": 84.88,
					"b2bPrice": 75.79
				},
				"articleSold": false,
				"deposit": 0.0,
				"depositData": {
					"b2cPrice": 0.0,
					"b2bPrice": 0.0
				},
				"vat": {
					"code": "vat-full-2",
					"value": 12.0,
					"type": "Percentage"
				},
				"nutrientLinks": [
					{
						"amount": [
							"66"
						],
						"description": "Energi",
						"unit": "Kilokalori"
					},
					{
						"amount": [
							"277"
						],
						"description": "Energi",
						"unit": "Kilojoule"
					},
					{
						"amount": [
							"3.10"
						],
						"description": "Fett",
						"unit": "Gram"
					},
					{
						"amount": [
							"0.60"
						],
						"description": "Varav mättat fett",
						"unit": "Gram"
					},
					{
						"amount": [
							"2"
						],
						"description": "Kolhydrat",
						"unit": "Gram"
					},
					{
						"amount": [
							"0.50"
						],
						"description": "Varav sockerarter",
						"unit": "Gram"
					},
					{
						"amount": [
							"7.50"
						],
						"description": "Protein",
						"unit": "Gram"
					},
					{
						"amount": [
							"0.01"
						],
						"description": "Salt",
						"unit": "Gram"
					}
				],
				"animalFoodData": {},
				"allergyInfo": [
					{
						"code": "VEGAN"
					}
				],
				"fromSweden": false,
				"availableOnline": true,
				"countryOfOriginCodes": [
					{
						"code": "752",
						"value": "Sverige"
					}
				],
				"shortTradeItemMarketingMessage": {
					"seq1": "En mjuk tofu tillverkad i Sverige av familjen Lu. Ekologisk och vegansk. Mixa eller vispa tofun och använd som krämig bas i mat, bakverk och desserter. Kan bl.a. ersätta ägg, crème fraiche och mjukost."
				},
				"compulsoryAdditiveLabelInformation": "BÄST FÖRE se förpackning.KYLVARA 2-8 °C. Öppnad förpackning bör förbrukas inom 3 dagar. KÄLLSORTERING Plast",
				"preparationInstructions": "Mixa silkestofun i ca. 30 sek eller tills slät, och du har en krämig bas till vad du än vill laga. För en vegansk smoothie: Addera valfria frysta bär, växtbaserad mjölk och agavesirap, och mixa lite till (tillsammans med silkestofun). Klart! För vegansk chokladmousse: När du vispat silkestofun, blanda i smält choklad, agavesirap och en nypa salt. Mixa lite till. Låt stå i kylen och servera med grädde och färska bär.",
				"preparationInstructionsList": [
					"Mixa silkestofun i ca. 30 sek eller tills slät, och du har en krämig bas till vad du än vill laga. För en vegansk smoothie: Addera valfria frysta bär, växtbaserad mjölk och agavesirap, och mixa lite till (tillsammans med silkestofun). Klart! För vegansk chokladmousse: När du vispat silkestofun, blanda i smält choklad, agavesirap och en nypa salt. Mixa lite till. Låt stå i kylen och servera med grädde och färska bär."
				],
				"isMagazine": false,
				"nutrientBasis": {
					"quantity": 100.0
				},
				"pharmaceuticalData": {
					"isPharmaceutical": false
				},
				"nutrientInformation": [
					{
						"header": {
							"nutrientBasisQuantity": 100.0,
							"nutrientBasisQuantityType": "BY_MEASURE",
							"nutrientBasisQuantityUnit": {
								"code": "GRM",
								"value": "Gram"
							}
						}
					}
				],
				"sustainabilityInfoApplicable": true
			},
			{
				"id": "7332040300615",
				"type": "Product",
				"ean": "7332040300615",
				"name": "Tofu Sjögräs & dill",
				"manufacturerName": "Yipin",
				"description": "Fuskigt god och finare än fisken! Tofu sjögräs & dill är THE tofu för dig som älskar smaker från havet och samtidigt vill äta klimatsmart! Den färska dillen, sjögräset och citronen tar smaklökarna till skärgården. Vi gjorde även tofun extra fast i konsistensen för att den ska vara extra enkel och god att steka, ugnsbaka, panera, grilla eller äta kall. Servera den som panerad \"fisk\" eller filé, i en gratäng eller tärnad i en fräsch sallad. Mums! Tofu är ett protein som varit populärt i Asien i över 2000 år. Det är proteinrikt, kalorisnålt och naturligt växtbaserat. Tofu passar i alla typer av rätter och kan ersätta kött, kyckling och fisk. Yipin tillverkar tofu lokalt i Vallentuna, Sverige, av ekologiska sojabönor odlade i Frankrike. I vårt sortiment hittar du alltifrån alspånsrökt tofu, friterad tofu och naturell tofu till tempeh och vegansk skagenröra.",
				"imageUrl": "http://res.cloudinary.com/coopsverige/image/upload/v1664874108/cloud/259606.tiff",
				"navCategories": [
					{
						"code": "156566004",
						"name": "Tofu",
						"superCategories": [
							{
								"code": "156564441",
								"name": "Vegetariskt",
								"superCategories": [
									{
										"code": "5377683",
										"name": "Färdigmat & Mellanmål",
										"superCategories": []
									}
								]
							}
						]
					},
					{
						"code": "193841390",
						"name": "Tofu",
						"superCategories": [
							{
								"code": "39047203",
								"name": "Färskt",
								"superCategories": [
									{
										"code": "39033900",
										"name": "Vegetariskt",
										"superCategories": []
									}
								]
							}
						]
					}
				],
				"packageSize": 230.0,
				"packageSizeInformation": "230 g",
				"packageSizeUnit": "Gram",
				"salesPrice": 31.5,
				"salesPriceData": {
					"b2cPrice": 31.5,
					"b2bPrice": 28.13
				},
				"piecePrice": 31.5,
				"piecePriceData": {
					"b2cPrice": 31.5,
					"b2bPrice": 28.13
				},
				"salesUnit": "Styck",
				"comparativePriceText": "kr/kg",
				"comparativePrice": 136.96,
				"comparativePriceData": {
					"b2cPrice": 136.96,
					"b2bPrice": 122.29
				},
				"articleSold": false,
				"deposit": 0.0,
				"depositData": {
					"b2cPrice": 0.0,
					"b2bPrice": 0.0
				},
				"vat": {
					"code": "vat-full-2",
					"value": 12.0,
					"type": "Percentage"
				},
				"animalFoodData": {},
				"onlinePromotions": [
					{
						"id": "016001_31139",
						"price": 55.0,
						"priceData": {
							"b2cPrice": 55.0,
							"b2bPrice": 49.11
						},
						"startDate": "2025-01-26T23:00:00Z",
						"endDate": "2025-03-09T23:00:00Z",
						"message": "TOFU 2 för 55kr-2 för 55:-",
						"type": "MULTI_BUY_FIXED_PRICE",
						"numberOfProductRequired": 2,
						"medMeraRequired": false,
						"priority": 910,
						"comparativePrice": {
							"b2cPrice": 119.57,
							"b2bPrice": 106.76
						}
					}
				],
				"fromSweden": false,
				"availableOnline": true,
				"countryOfOriginCodes": [
					{
						"code": "752",
						"value": "Sverige"
					}
				],
				"isMagazine": false,
				"nutrientBasis": {},
				"pharmaceuticalData": {
					"isPharmaceutical": false
				},
				"sustainabilityInfoApplicable": true
			},
			{
				"id": "7300156597007",
				"type": "Product",
				"ean": "7300156597007",
				"name": "Tofu Soja & örter",
				"manufacturerName": "Coop",
				"imageUrl": "http://res.cloudinary.com/coopsverige/image/upload/v1710154574/cloud/334334.tiff",
				"listOfIngredients": "INGREDIENSER: Tofu 92% (SOJABÖNOR57% (Europa), vatten, konsistensmedel (E 509, E 511)), marinad 8% (sojasås (vatten, SOJABÖNOR, VETE, salt), vatten, lök, salt med tillsatt jod, rapsolja, vitlök, koriander, ingefära, mejram).",
				"navCategories": [
					{
						"code": "156566004",
						"name": "Tofu",
						"superCategories": [
							{
								"code": "156564441",
								"name": "Vegetariskt",
								"superCategories": [
									{
										"code": "5377683",
										"name": "Färdigmat & Mellanmål",
										"superCategories": []
									}
								]
							}
						]
					},
					{
						"code": "193841390",
						"name": "Tofu",
						"superCategories": [
							{
								"code": "39047203",
								"name": "Färskt",
								"superCategories": [
									{
										"code": "39033900",
										"name": "Vegetariskt",
										"superCategories": []
									}
								]
							}
						]
					}
				],
				"accreditedTags": [
					{
						"code": "NYCKELHALET",
						"description": "Nyckelhålet",
						"imageUrl": "https://res.cloudinary.com/coopsverige/image/upload/v1618910221/cooponline/Labels%27/nyckelhal_RGB.png",
						"priority": 240
					}
				],
				"maxStorageTemperature": "8",
				"packageSize": 180.0,
				"packageSizeInformation": "180 g",
				"packageSizeUnit": "Gram",
				"salesPrice": 16.95,
				"salesPriceData": {
					"b2cPrice": 16.95,
					"b2bPrice": 15.13
				},
				"piecePrice": 16.95,
				"piecePriceData": {
					"b2cPrice": 16.95,
					"b2bPrice": 15.13
				},
				"salesUnit": "Styck",
				"comparativePriceText": "kr/kg",
				"comparativePrice": 94.17,
				"comparativePriceData": {
					"b2cPrice": 94.17,
					"b2bPrice": 84.08
				},
				"articleSold": false,
				"deposit": 0.0,
				"depositData": {
					"b2cPrice": 0.0,
					"b2bPrice": 0.0
				},
				"vat": {
					"code": "vat-full-2",
					"value": 12.0,
					"type": "Percentage"
				},
				"nutrientLinks": [
					{
						"amount": [
							"133"
						],
						"description": "Energi",
						"unit": "Kilokalori"
					},
					{
						"amount": [
							"556"
						],
						"description": "Energi",
						"unit": "Kilojoule"
					},
					{
						"amount": [
							"8.0"
						],
						"description": "Fett",
						"unit": "Gram"
					},
					{
						"amount": [
							"1.0"
						],
						"description": "Varav mättat fett",
						"unit": "Gram"
					},
					{
						"amount": [
							"1.8"
						],
						"description": "Kolhydrat",
						"unit": "Gram"
					},
					{
						"amount": [
							"0.5"
						],
						"description": "Varav sockerarter",
						"unit": "Gram"
					},
					{
						"amount": [
							"1.0"
						],
						"description": "Fiber",
						"unit": "Gram"
					},
					{
						"amount": [
							"13"
						],
						"description": "Protein",
						"unit": "Gram"
					},
					{
						"amount": [
							"1.0"
						],
						"description": "Salt",
						"unit": "Gram"
					},
					{
						"amount": [
							"220"
						],
						"description": "Kalcium",
						"unit": "Milligram",
						"percentageOfDailyIntake": "28"
					}
				],
				"animalFoodData": {},
				"fromSweden": false,
				"availableOnline": true,
				"countryOfOriginCodes": [
					{
						"code": "703",
						"value": "Slovakien"
					}
				],
				"isMagazine": false,
				"nutrientBasis": {
					"quantity": 100.0
				},
				"pharmaceuticalData": {
					"isPharmaceutical": false
				},
				"nutrientInformation": [
					{
						"header": {
							"nutrientBasisQuantity": 100.0,
							"nutrientBasisQuantityType": "BY_MEASURE",
							"nutrientBasisQuantityUnit": {
								"code": "GRM",
								"value": "Gram"
							}
						}
					}
				],
				"sustainabilityInfoApplicable": true
			},
			{
				"id": "7300156584977",
				"type": "Product",
				"ean": "7300156584977",
				"name": "Tofuröra Skagen Dill",
				"manufacturerName": "Coop",
				"imageUrl": "http://res.cloudinary.com/coopsverige/image/upload/v1682417878/cloud/279697.tiff",
				"listOfIngredients": "INGREDIENSER: Tofu 40% ( SOJABÖNOR , vatten, konsistensmedel (E 511)), vatten, rapsolja, vitkål, havstångextrakt, purjolök, salt, socker, vitvinsvinäger, dill, tomat, citronjuicepulver, lök, kryddor, SELLERIEXTRAKT , modifierad stärkelse, stabiliseringsmedel (E 412, E 415, E 417), syra (E 270, E 330), konserveringsmedel (E 202, E 211), färgämne (E 160a, E 160c).",
				"navCategories": [
					{
						"code": "334613",
						"name": "Övriga röror & Sallader",
						"superCategories": [
							{
								"code": "156564445",
								"name": "Majonnässallader",
								"superCategories": [
									{
										"code": "5377683",
										"name": "Färdigmat & Mellanmål",
										"superCategories": []
									}
								]
							}
						]
					},
					{
						"code": "193841390",
						"name": "Tofu",
						"superCategories": [
							{
								"code": "39047203",
								"name": "Färskt",
								"superCategories": [
									{
										"code": "39033900",
										"name": "Vegetariskt",
										"superCategories": []
									}
								]
							}
						]
					}
				],
				"maxStorageTemperature": "8",
				"packageSize": 175.0,
				"packageSizeInformation": "175 g",
				"packageSizeUnit": "Gram",
				"salesPrice": 23.5,
				"salesPriceData": {
					"b2cPrice": 23.5,
					"b2bPrice": 20.98
				},
				"piecePrice": 23.5,
				"piecePriceData": {
					"b2cPrice": 23.5,
					"b2bPrice": 20.98
				},
				"salesUnit": "Styck",
				"comparativePriceText": "kr/kg",
				"comparativePrice": 134.29,
				"comparativePriceData": {
					"b2cPrice": 134.29,
					"b2bPrice": 119.9
				},
				"articleSold": false,
				"deposit": 0.0,
				"depositData": {
					"b2cPrice": 0.0,
					"b2bPrice": 0.0
				},
				"vat": {
					"code": "vat-full-2",
					"value": 12.0,
					"type": "Percentage"
				},
				"nutrientLinks": [
					{
						"amount": [
							"196"
						],
						"description": "Energi",
						"unit": "Kilokalori"
					},
					{
						"amount": [
							"811"
						],
						"description": "Energi",
						"unit": "Kilojoule"
					},
					{
						"amount": [
							"17"
						],
						"description": "Fett",
						"unit": "Gram"
					},
					{
						"amount": [
							"1.4"
						],
						"description": "Varav mättat fett",
						"unit": "Gram"
					},
					{
						"amount": [
							"5.2"
						],
						"description": "Kolhydrat",
						"unit": "Gram"
					},
					{
						"amount": [
							"1.8"
						],
						"description": "Varav sockerarter",
						"unit": "Gram"
					},
					{
						"amount": [
							"5.5"
						],
						"description": "Protein",
						"unit": "Gram"
					},
					{
						"amount": [
							"2.0"
						],
						"description": "Salt",
						"unit": "Gram"
					}
				],
				"animalFoodData": {},
				"allergyInfo": [
					{
						"code": "VEGAN"
					}
				],
				"fromSweden": false,
				"availableOnline": true,
				"countryOfOriginCodes": [
					{
						"code": "752",
						"value": "Sverige"
					}
				],
				"consumerInstructions": {
					"storageInstructions": "FÖRVARING: Vid högst +8°C."
				},
				"isMagazine": false,
				"nutrientBasis": {
					"quantity": 100.0
				},
				"pharmaceuticalData": {
					"isPharmaceutical": false
				},
				"nutrientInformation": [
					{
						"header": {
							"nutrientBasisQuantity": 100.0,
							"nutrientBasisQuantityType": "BY_MEASURE",
							"nutrientBasisQuantityUnit": {
								"code": "GRM",
								"value": "Gram"
							}
						}
					}
				],
				"sustainabilityInfo": [
					{
						"productScore": [
							{
								"score": 2.0,
								"param": "Biologisk mångfald",
								"paramId": "biodiversity"
							},
							{
								"score": 1.5,
								"param": "Klimat",
								"paramId": "climate"
							},
							{
								"score": 1.5,
								"param": "Bördighet",
								"paramId": "soil_fertility"
							},
							{
								"score": 1.5,
								"param": "Vatten",
								"paramId": "water"
							},
							{
								"score": 1.5,
								"param": "Bekämpningsmedel",
								"paramId": "pesticides"
							},
							{
								"score": 2.0,
								"param": "Övergödning",
								"paramId": "eutrophication"
							},
							{
								"score": null,
								"param": "Djuromsorg och antibiotika",
								"paramId": "animal_welfare_antibiotics"
							},
							{
								"score": 1.5,
								"param": "Arbetsförhållanden",
								"paramId": "working_conditions"
							},
							{
								"score": 1.5,
								"param": "Lokalbefolkning",
								"paramId": "local_population"
							},
							{
								"score": 1.5,
								"param": "Lagefterlevnad och spårbarhet",
								"paramId": "compliance_traceability"
							}
						]
					}
				],
				"regulatedProductName": "VEGANSK TOFURÖRA SKAGEN",
				"sustainabilityInfoApplicable": true
			},
			{
				"id": "7340012537006",
				"type": "Product",
				"ean": "7340012537006",
				"name": "Tortelloni",
				"manufacturerName": "The Plant",
				"description": "Färsk pasta med pesto och tofufyllning. Utan animaliska ingredienser. En snabb och enkel måltid för hela familjen.",
				"imageUrl": "http://res.cloudinary.com/coopsverige/image/upload/v1721295766/cloud/373999.tiff",
				"listOfIngredients": "Färsk fylld pasta av durumvete och majsmjöl. \nIngredienser deg (67%): DURUMVETE, majsmjöl 6%, vatten.\nIngredienser fyllning (33%): tomatkoncentrat 29%, plant-baserad bas 46% (vatten, modifierad stärkelse, solrosolja, kokosolja, potatisstärkelse, salt, vegetabiliska fiber, olivextrakt, surhetsreglerandemedel: mjölksyra (ej från mjölk), glucono-delta-lacton, konserveringsmedel: sorbinsyra, veganska aromer, betakaroten, vitamin B12), ströbröd (VETEmjöl, vatten, salt), solrosolja, salt, oregano 1,5%.\nInnehåller VALNÖTTER, SOJA, SULFITER, SENAP, LUPIN.",
				"navCategories": [
					{
						"code": "33447",
						"name": "Övrig vegetariskt",
						"superCategories": [
							{
								"code": "39047203",
								"name": "Färskt",
								"superCategories": [
									{
										"code": "39033900",
										"name": "Vegetariskt",
										"superCategories": []
									}
								]
							}
						]
					},
					{
						"code": "334606",
						"name": "Övrig vegetariskt",
						"superCategories": [
							{
								"code": "156564441",
								"name": "Vegetariskt",
								"superCategories": [
									{
										"code": "5377683",
										"name": "Färdigmat & Mellanmål",
										"superCategories": []
									}
								]
							}
						]
					}
				],
				"maxStorageTemperature": "8.00",
				"packageSize": 250.0,
				"packageSizeInformation": "250 g",
				"packageSizeUnit": "Gram",
				"salesPrice": 44.95,
				"salesPriceData": {
					"b2cPrice": 44.95,
					"b2bPrice": 40.13
				},
				"piecePrice": 44.95,
				"piecePriceData": {
					"b2cPrice": 44.95,
					"b2bPrice": 40.13
				},
				"salesUnit": "Styck",
				"comparativePriceText": "kr/kg",
				"comparativePrice": 179.8,
				"comparativePriceData": {
					"b2cPrice": 179.8,
					"b2bPrice": 160.54
				},
				"articleSold": false,
				"deposit": 0.0,
				"depositData": {
					"b2cPrice": 0.0,
					"b2bPrice": 0.0
				},
				"vat": {
					"code": "vat-full-2",
					"value": 12.0,
					"type": "Percentage"
				},
				"nutrientLinks": [
					{
						"amount": [
							"1049"
						],
						"description": "Energi",
						"unit": "Kilojoule"
					},
					{
						"amount": [
							"248"
						],
						"description": "Energi",
						"unit": "Kilokalori"
					},
					{
						"amount": [
							"5"
						],
						"description": "Fett",
						"unit": "Gram"
					},
					{
						"amount": [
							"1.1"
						],
						"description": "Varav mättat fett",
						"unit": "Gram"
					},
					{
						"amount": [
							"43.5"
						],
						"description": "Kolhydrat",
						"unit": "Gram"
					},
					{
						"amount": [
							"0.08"
						],
						"description": "Varav sockerarter",
						"unit": "Gram"
					},
					{
						"amount": [
							"2.1"
						],
						"description": "Fiber",
						"unit": "Gram"
					},
					{
						"amount": [
							"6.2"
						],
						"description": "Protein",
						"unit": "Gram"
					},
					{
						"amount": [
							"0.9"
						],
						"description": "Salt",
						"unit": "Gram"
					}
				],
				"animalFoodData": {},
				"fromSweden": false,
				"availableOnline": true,
				"countryOfOriginCodes": [
					{
						"code": "380",
						"value": "Italien"
					}
				],
				"shortTradeItemMarketingMessage": {
					"seq1": "Färsk pasta med pesto och tofufyllning. Utan animaliska ingredienser. En snabb och enkel måltid för hela familjen."
				},
				"isMagazine": false,
				"nutrientBasis": {
					"quantity": 100.0
				},
				"pharmaceuticalData": {
					"isPharmaceutical": false
				},
				"nutrientInformation": [
					{
						"header": {
							"nutrientBasisQuantity": 100.0,
							"nutrientBasisQuantityType": "BY_MEASURE",
							"nutrientBasisQuantityUnit": {
								"code": "GRM",
								"value": "Gram"
							}
						}
					}
				],
				"sustainabilityInfoApplicable": true
			},
			{
				"id": "5202390029516",
				"type": "Product",
				"ean": "5202390029516",
				"name": "Veganost Riven Original Flavour",
				"manufacturerName": "Violife",
				"description": "Violife Grated Original är en riven veganost, perfekt att använda på pizzan, gratängen eller tacosen. Smälter fint och har en god smak av mild ost. 100% vegansk och fri från mjölk, laktos, soja, gluten, nötter & konserveringsmedel.",
				"imageUrl": "http://res.cloudinary.com/coopsverige/image/upload/v1712734249/cloud/343187.tiff",
				"listOfIngredients": "INGREDIENSER: VATTEN, KOKOSOLJA (24%), MODIFIERAD STÄRKELSE, STÄRKELSE, HAVSSALT, RÖNNBÄRSEXTRAKT, AROMER, SURHETSREGLERANDE MEDEL (CITRONSYRA), OLIVEXTRAKT, FÄRGÄMNE (BETAKAROTEN), VITAMIN B12.",
				"navCategories": [
					{
						"code": "33447",
						"name": "Övrig vegetariskt",
						"superCategories": [
							{
								"code": "39047203",
								"name": "Färskt",
								"superCategories": [
									{
										"code": "39033900",
										"name": "Vegetariskt",
										"superCategories": []
									}
								]
							}
						]
					},
					{
						"code": "334606",
						"name": "Övrig vegetariskt",
						"superCategories": [
							{
								"code": "156564441",
								"name": "Vegetariskt",
								"superCategories": [
									{
										"code": "5377683",
										"name": "Färdigmat & Mellanmål",
										"superCategories": []
									}
								]
							}
						]
					}
				],
				"accreditedTags": [
					{
						"code": "VEGAN_SOCIETY_VEGAN_LOGO"
					}
				],
				"maxStorageTemperature": "8",
				"packageSize": 150.0,
				"packageSizeInformation": "150g",
				"packageSizeUnit": "Gram",
				"salesPrice": 24.95,
				"salesPriceData": {
					"b2cPrice": 24.95,
					"b2bPrice": 22.28
				},
				"piecePrice": 24.95,
				"piecePriceData": {
					"b2cPrice": 24.95,
					"b2bPrice": 22.28
				},
				"salesUnit": "Styck",
				"comparativePriceText": "kr/kg",
				"comparativePrice": 166.33,
				"comparativePriceData": {
					"b2cPrice": 166.33,
					"b2bPrice": 148.51
				},
				"articleSold": false,
				"deposit": 0.0,
				"depositData": {
					"b2cPrice": 0.0,
					"b2bPrice": 0.0
				},
				"vat": {
					"code": "vat-full-2",
					"value": 12.0,
					"type": "Percentage"
				},
				"nutrientLinks": [
					{
						"amount": [
							"305"
						],
						"description": "Energi",
						"unit": "Kilokalori"
					},
					{
						"amount": [
							"1267"
						],
						"description": "Energi",
						"unit": "Kilojoule"
					},
					{
						"amount": [
							"24"
						],
						"description": "Fett",
						"unit": "Gram"
					},
					{
						"amount": [
							"21"
						],
						"description": "Varav mättat fett",
						"unit": "Gram"
					},
					{
						"amount": [
							"22"
						],
						"description": "Kolhydrat",
						"unit": "Gram"
					},
					{
						"amount": [
							"0"
						],
						"description": "Varav sockerarter",
						"unit": "Gram"
					},
					{
						"amount": [
							"0.1"
						],
						"description": "Protein",
						"unit": "Gram"
					},
					{
						"amount": [
							"2.2"
						],
						"description": "Salt",
						"unit": "Gram"
					},
					{
						"amount": [
							"2.5"
						],
						"description": "Vitamin B12",
						"unit": "Mikrogram",
						"percentageOfDailyIntake": "100"
					}
				],
				"animalFoodData": {},
				"allergyInfo": [
					{
						"code": "VEGAN"
					}
				],
				"fromSweden": false,
				"availableOnline": true,
				"countryOfOriginCodes": [
					{
						"code": "300",
						"value": "Grekland"
					}
				],
				"nutritionalClaimData": {
					"nutritionalClaimTypeCode": {
						"code": "FREE_FROM",
						"value": "FREE_FROM"
					},
					"nutritionalClaimNutrientElementCode": {
						"code": "GLUTEN",
						"value": "GLUTEN"
					},
					"claimMarkedOnPackage": "FALSE|PIM_MULTIVALUE_SEPARATOR|TRUE|PIM_MULTIVALUE_SEPARATOR|TRUE|PIM_MULTIVALUE_SEPARATOR|TRUE"
				},
				"consumerInstructions": {
					"storageInstructions": "Förvaring +2°C - +8°C",
					"usageInstructions": "Öppnad förpackning bör konsumeras inom 7 dagar."
				},
				"isMagazine": false,
				"nutrientBasis": {
					"quantity": 100.0
				},
				"pharmaceuticalData": {
					"isPharmaceutical": false
				},
				"nutrientInformation": [
					{
						"header": {
							"nutrientBasisQuantity": 100.0,
							"nutrientBasisQuantityType": "BY_MEASURE",
							"nutrientBasisQuantityUnit": {
								"code": "GRM",
								"value": "Gram"
							}
						}
					}
				],
				"sustainabilityInfoApplicable": true
			},
			{
				"id": "7350020103605",
				"type": "Product",
				"ean": "7350020103605",
				"name": "Vegiar",
				"manufacturerName": "FISKERIET",
				"imageUrl": "http://res.cloudinary.com/coopsverige/image/upload/v1562112429/375267.tiff",
				"listOfIngredients": "Tångcaviar 48% (havstångextrakt (83%), vatten, salt, kryddor (bland annat cayennepeppar och dill), aromer, färgämne (E172)), rapsolja, vatten, potatisflingor, socker, salt, tomatpuré, stabiliseringsmedel (E415), dill, konserveringsmedel (E211, E202), antioxidationsmedel (E300), surhetsreglerande medel (E330), dillarom.",
				"navCategories": [
					{
						"code": "33439",
						"name": "Pålägg",
						"superCategories": [
							{
								"code": "39047203",
								"name": "Färskt",
								"superCategories": [
									{
										"code": "39033900",
										"name": "Vegetariskt",
										"superCategories": []
									}
								]
							}
						]
					}
				],
				"maxStorageTemperature": "8",
				"packageSize": 190.0,
				"packageSizeInformation": "190g",
				"packageSizeUnit": "Gram",
				"salesPrice": 21.5,
				"salesPriceData": {
					"b2cPrice": 21.5,
					"b2bPrice": 19.2
				},
				"piecePrice": 21.5,
				"piecePriceData": {
					"b2cPrice": 21.5,
					"b2bPrice": 19.2
				},
				"salesUnit": "Styck",
				"comparativePriceText": "kr/kg",
				"comparativePrice": 113.16,
				"comparativePriceData": {
					"b2cPrice": 113.16,
					"b2bPrice": 101.04
				},
				"articleSold": false,
				"deposit": 0.0,
				"depositData": {
					"b2cPrice": 0.0,
					"b2bPrice": 0.0
				},
				"vat": {
					"code": "vat-full-2",
					"value": 12.0,
					"type": "Percentage"
				},
				"nutrientLinks": [
					{
						"amount": [
							"950"
						],
						"description": "Energi",
						"unit": "Kilojoule"
					},
					{
						"amount": [
							"230"
						],
						"description": "Energi",
						"unit": "Kilokalori"
					},
					{
						"amount": [
							"20"
						],
						"description": "Fett",
						"unit": "Gram"
					},
					{
						"amount": [
							"1.4"
						],
						"description": "Varav mättat fett",
						"unit": "Gram"
					},
					{
						"amount": [
							"12"
						],
						"description": "Kolhydrat",
						"unit": "Gram"
					},
					{
						"amount": [
							"4.7"
						],
						"description": "Varav sockerarter",
						"unit": "Gram"
					},
					{
						"amount": [
							"0.6"
						],
						"description": "Protein",
						"unit": "Gram"
					},
					{
						"amount": [
							"5.6"
						],
						"description": "Salt",
						"unit": "Gram"
					}
				],
				"animalFoodData": {},
				"fromSweden": false,
				"availableOnline": true,
				"countryOfOriginCodes": [
					{
						"code": "752",
						"value": "Sverige"
					}
				],
				"isMagazine": false,
				"nutrientBasis": {
					"quantity": 100.0
				},
				"pharmaceuticalData": {
					"isPharmaceutical": false
				},
				"nutrientInformation": [
					{
						"header": {
							"nutrientBasisQuantity": 100.0,
							"nutrientBasisQuantityType": "BY_MEASURE",
							"nutrientBasisQuantityUnit": {
								"code": "GRM",
								"value": "Gram"
							}
						}
					}
				],
				"sustainabilityInfoApplicable": true
			},
			{
				"id": "7350037195815",
				"type": "Product",
				"ean": "7350037195815",
				"name": "Vegoburgare 2-pack",
				"manufacturerName": "Peas of Heaven",
				"imageUrl": "http://res.cloudinary.com/coopsverige/image/upload/v1699882525/cloud/300660.tiff",
				"listOfIngredients": "Rehydrerat ärtprotein (49 %), vatten, svensk rapsolja, vegetabiliskt fett (kokos, shea), naturligt färgextrakt (sötpotatis, äpple), citrusfiber, salt, svartpeppar, lök, citronjuice, förtjockningsmedel (metylcellulosa), konserveringsmedel (natriumdiacetat, kaliumsorbat), antioxidationsmedel (solroslecithin), aromer, stärkelse, socker, riboflavin, vitamin B12. Ärtprotein (från EU)",
				"navCategories": [
					{
						"code": "334605",
						"name": "Vegetariska hamburgare",
						"superCategories": [
							{
								"code": "156564441",
								"name": "Vegetariskt",
								"superCategories": [
									{
										"code": "5377683",
										"name": "Färdigmat & Mellanmål",
										"superCategories": []
									}
								]
							}
						]
					},
					{
						"code": "33449",
						"name": "Vegetariska hamburgare",
						"superCategories": [
							{
								"code": "39047203",
								"name": "Färskt",
								"superCategories": [
									{
										"code": "39033900",
										"name": "Vegetariskt",
										"superCategories": []
									}
								]
							}
						]
					}
				],
				"maxStorageTemperature": "7",
				"packageSize": 200.0,
				"packageSizeInformation": "200 g",
				"packageSizeUnit": "Gram",
				"salesPrice": 28.95,
				"salesPriceData": {
					"b2cPrice": 28.95,
					"b2bPrice": 25.85
				},
				"piecePrice": 28.95,
				"piecePriceData": {
					"b2cPrice": 28.95,
					"b2bPrice": 25.85
				},
				"salesUnit": "Styck",
				"comparativePriceText": "kr/kg",
				"comparativePrice": 144.75,
				"comparativePriceData": {
					"b2cPrice": 144.75,
					"b2bPrice": 129.24
				},
				"articleSold": false,
				"deposit": 0.0,
				"depositData": {
					"b2cPrice": 0.0,
					"b2bPrice": 0.0
				},
				"vat": {
					"code": "vat-full-2",
					"value": 12.0,
					"type": "Percentage"
				},
				"nutrientLinks": [
					{
						"amount": [
							"960"
						],
						"description": "Energi",
						"unit": "Kilojoule"
					},
					{
						"amount": [
							"230"
						],
						"description": "Energi",
						"unit": "Kilokalori"
					},
					{
						"amount": [
							"16.3"
						],
						"description": "Fett",
						"unit": "Gram"
					},
					{
						"amount": [
							"5.4"
						],
						"description": "Varav mättat fett",
						"unit": "Gram"
					},
					{
						"amount": [
							"4.6"
						],
						"description": "Kolhydrat",
						"unit": "Gram"
					},
					{
						"amount": [
							"1.3"
						],
						"description": "Varav sockerarter",
						"unit": "Gram"
					},
					{
						"amount": [
							"3.8"
						],
						"description": "Fiber",
						"unit": "Gram"
					},
					{
						"amount": [
							"14.6"
						],
						"description": "Protein",
						"unit": "Gram"
					},
					{
						"amount": [
							"2.1"
						],
						"description": "Salt",
						"unit": "Gram"
					},
					{
						"amount": [
							"0.25"
						],
						"description": "Riboflavin",
						"unit": "Milligram",
						"percentageOfDailyIntake": "18"
					},
					{
						"amount": [
							"1.6"
						],
						"description": "Vitamin B12",
						"unit": "Mikrogram",
						"percentageOfDailyIntake": "64"
					}
				],
				"animalFoodData": {},
				"allergyInfo": [
					{
						"code": "VEGAN"
					}
				],
				"fromSweden": false,
				"availableOnline": true,
				"declarationOfOrigin": "Ärtprotein från EU",
				"countryOfOriginCodes": [
					{
						"code": "752",
						"value": "Sverige"
					}
				],
				"preparationInstructions": "Stek i rapsolja på medeltemperatur tills du får en fin yta. Innertemperatur skall uppnå 72 grader.",
				"preparationInstructionsList": [
					"Stek i rapsolja på medeltemperatur tills du får en fin yta. Innertemperatur skall uppnå 72 grader."
				],
				"isMagazine": false,
				"nutrientBasis": {
					"quantity": 100.0
				},
				"pharmaceuticalData": {
					"isPharmaceutical": false
				},
				"nutrientInformation": [
					{
						"header": {
							"nutrientBasisQuantity": 100.0,
							"nutrientBasisQuantityType": "BY_MEASURE",
							"nutrientBasisQuantityUnit": {
								"code": "GRM",
								"value": "Gram"
							}
						}
					}
				],
				"sustainabilityInfoApplicable": true
			},
			{
				"id": "7350037197154",
				"type": "Product",
				"ean": "7350037197154",
				"name": "Vegokorv Cheeze",
				"manufacturerName": "Peas of Heaven",
				"imageUrl": "http://res.cloudinary.com/coopsverige/image/upload/v1720158372/cloud/370814.tiff",
				"listOfIngredients": "Vatten, rapsolja, Violife block (10%) (vatten, kokosolja, stärkelse, modifierad stärkelse, havssalt, aromer, olivextrakt, färgämnen (B-karoten), vitamin B12), ärtprotein, stabiliseringsmedel (bearbetad Euchemaalg, metylcellulosa, konjakgummi), stärkelse, salt, citrusfiber, kryddor, arom, paprikapulver, chili, vitlök. Vegetabiliskt skinn: stabiliseringsmedel (natriumalginat, konjakgummi, guarkärnmjöl)",
				"navCategories": [
					{
						"code": "33443",
						"name": "Vegetarisk korv",
						"superCategories": [
							{
								"code": "39047203",
								"name": "Färskt",
								"superCategories": [
									{
										"code": "39033900",
										"name": "Vegetariskt",
										"superCategories": []
									}
								]
							}
						]
					},
					{
						"code": "334602",
						"name": "Vegetarisk korv",
						"superCategories": [
							{
								"code": "156564441",
								"name": "Vegetariskt",
								"superCategories": [
									{
										"code": "5377683",
										"name": "Färdigmat & Mellanmål",
										"superCategories": []
									}
								]
							}
						]
					}
				],
				"maxStorageTemperature": "7",
				"packageSize": 210.0,
				"packageSizeInformation": "210g",
				"packageSizeUnit": "Gram",
				"salesPrice": 37.95,
				"salesPriceData": {
					"b2cPrice": 37.95,
					"b2bPrice": 33.88
				},
				"piecePrice": 37.95,
				"piecePriceData": {
					"b2cPrice": 37.95,
					"b2bPrice": 33.88
				},
				"salesUnit": "Styck",
				"comparativePriceText": "kr/kg",
				"comparativePrice": 180.71,
				"comparativePriceData": {
					"b2cPrice": 180.71,
					"b2bPrice": 161.35
				},
				"articleSold": false,
				"deposit": 0.0,
				"depositData": {
					"b2cPrice": 0.0,
					"b2bPrice": 0.0
				},
				"vat": {
					"code": "vat-full-2",
					"value": 12.0,
					"type": "Percentage"
				},
				"nutrientLinks": [
					{
						"amount": [
							"886"
						],
						"description": "Energi",
						"unit": "Kilojoule"
					},
					{
						"amount": [
							"210"
						],
						"description": "Energi",
						"unit": "Kilokalori"
					},
					{
						"amount": [
							"17.00"
						],
						"description": "Fett",
						"unit": "Gram"
					},
					{
						"amount": [
							"3.20"
						],
						"description": "Varav mättat fett",
						"unit": "Gram"
					},
					{
						"amount": [
							"6.30"
						],
						"description": "Kolhydrat",
						"unit": "Gram"
					},
					{
						"amount": [
							"0.00"
						],
						"description": "Varav sockerarter",
						"unit": "Gram"
					},
					{
						"amount": [
							"4.60"
						],
						"description": "Fiber",
						"unit": "Gram"
					},
					{
						"amount": [
							"6.90"
						],
						"description": "Protein",
						"unit": "Gram"
					},
					{
						"amount": [
							"1.90"
						],
						"description": "Salt",
						"unit": "Gram"
					}
				],
				"animalFoodData": {},
				"allergyInfo": [
					{
						"code": "VEGAN"
					}
				],
				"fromSweden": false,
				"availableOnline": true,
				"countryOfOriginCodes": [
					{
						"code": "752",
						"value": "Sverige"
					}
				],
				"preparationInstructions": "Stek/grilla på medelhög värme i ca. 5 min.|PIM_MULTIVALUE_SEPARATOR|Stek/grilla på medelhög värme i ca. 5 min.",
				"preparationInstructionsList": [
					"Stek/grilla på medelhög värme i ca. 5 min.",
					"Stek/grilla på medelhög värme i ca. 5 min."
				],
				"isMagazine": false,
				"nutrientBasis": {
					"quantity": 100.0
				},
				"pharmaceuticalData": {
					"isPharmaceutical": false
				},
				"nutrientInformation": [
					{
						"header": {
							"nutrientBasisQuantity": 100.0,
							"nutrientBasisQuantityType": "BY_MEASURE",
							"nutrientBasisQuantityUnit": {
								"code": "GRM",
								"value": "Gram"
							}
						}
					}
				],
				"sustainabilityInfoApplicable": true
			},
			{
				"id": "7330797077866",
				"type": "Product",
				"ean": "7330797077866",
				"name": "Vegoskivor Alspånsrökta",
				"manufacturerName": "Pärsons",
				"description": "Pärsons Alspånsrökta Vegoskivor är rökta på traditionellt sätt med alspån. Det ger en äkta röksmak och en fin kant på skivorna, ett bra ovo-vegetariskt (äggbaserat) alternativ till rökt skinka. \nVåra alspånsrökta vegoskivor är goda på en vanlig smörgås, eller i varma rätter som toast, pizza eller pasta.",
				"imageUrl": "http://res.cloudinary.com/coopsverige/image/upload/v1720158355/cloud/370811.tiff",
				"listOfIngredients": "Ingredienser: ÄGGVITA*(78%), rapsolja*, stabiliseringsmedel (E425: E407a: E415: E508), salt, citrusfiber, naturlig arom, druvsocker, lök, konserveringsmedel (E262ii: E202), färgämne (E172).  Varmrökt. *Ursprung Sverige",
				"navCategories": [
					{
						"code": "33439",
						"name": "Pålägg",
						"superCategories": [
							{
								"code": "39047203",
								"name": "Färskt",
								"superCategories": [
									{
										"code": "39033900",
										"name": "Vegetariskt",
										"superCategories": []
									}
								]
							}
						]
					}
				],
				"accreditedTags": [
					{
						"code": "FRAN_SVERIGE",
						"description": "Svenskt ursprung",
						"imageUrl": "https://res.cloudinary.com/coopsverige/image/upload/v1545316510/cooponline/Labels'/40px/grafik-m-rkning-bild-stor-fr-n-sverige.png",
						"priority": 300
					}
				],
				"maxStorageTemperature": "8",
				"packageSize": 100.0,
				"packageSizeInformation": "100 g",
				"packageSizeUnit": "Gram",
				"salesPrice": 27.95,
				"salesPriceData": {
					"b2cPrice": 27.95,
					"b2bPrice": 24.96
				},
				"piecePrice": 27.95,
				"piecePriceData": {
					"b2cPrice": 27.95,
					"b2bPrice": 24.96
				},
				"salesUnit": "Styck",
				"comparativePriceText": "kr/kg",
				"comparativePrice": 279.5,
				"comparativePriceData": {
					"b2cPrice": 279.5,
					"b2bPrice": 249.55
				},
				"articleSold": false,
				"deposit": 0.0,
				"depositData": {
					"b2cPrice": 0.0,
					"b2bPrice": 0.0
				},
				"vat": {
					"code": "vat-full-2",
					"value": 12.0,
					"type": "Percentage"
				},
				"nutrientLinks": [
					{
						"amount": [
							"820"
						],
						"description": "Energi",
						"unit": "Kilojoule"
					},
					{
						"amount": [
							"198"
						],
						"description": "Energi",
						"unit": "Kilokalori"
					},
					{
						"amount": [
							"17.1"
						],
						"description": "Fett",
						"unit": "Gram"
					},
					{
						"amount": [
							"1.3"
						],
						"description": "Varav mättat fett",
						"unit": "Gram"
					},
					{
						"amount": [
							"2.1"
						],
						"description": "Kolhydrat",
						"unit": "Gram"
					},
					{
						"amount": [
							"1.0"
						],
						"description": "Varav sockerarter",
						"unit": "Gram"
					},
					{
						"amount": [
							"9.0"
						],
						"description": "Protein",
						"unit": "Gram"
					},
					{
						"amount": [
							"2.8"
						],
						"description": "Salt",
						"unit": "Gram"
					}
				],
				"animalFoodData": {},
				"allergyInfo": [
					{
						"code": "VEGETARIAN"
					}
				],
				"fromSweden": true,
				"availableOnline": true,
				"declarationOfOrigin": "URSPRUNG SVERIGE",
				"countryOfOriginCodes": [
					{
						"code": "752",
						"value": "Sverige"
					}
				],
				"isMagazine": false,
				"nutrientBasis": {
					"quantity": 100.0
				},
				"pharmaceuticalData": {
					"isPharmaceutical": false
				},
				"nutrientInformation": [
					{
						"header": {
							"nutrientBasisQuantity": 100.0,
							"nutrientBasisQuantityType": "BY_MEASURE",
							"nutrientBasisQuantityUnit": {
								"code": "GRM",
								"value": "Gram"
							}
						}
					}
				],
				"sustainabilityInfoApplicable": true
			},
			{
				"id": "7330797077620",
				"type": "Product",
				"ean": "7330797077620",
				"name": "Vegoskivor Original",
				"manufacturerName": "Pärsons",
				"description": "Pärsons Vegoskivor Original är ett ovo-vegetariskt (äggbaserat) färdigskivat smörgåspålägg. Skivorna har en mild och rund smak och är varsamt kryddade med bl.a. koriander, ingefära och lök. Ett perfekt vegetariskt alternativ på mackan, till frukost, lunch eller utflykt!",
				"imageUrl": "http://res.cloudinary.com/coopsverige/image/upload/v1734533760/cloud/417093.tiff",
				"listOfIngredients": "INGREDIENSER: ÄGGVITA* 78%, rapsolja*, vatten, förtjockningsmedel (E407: E410: E415), salt, kryddor (bl.a. koriander, ingefära, lök), dextros, konserveringsmedel (E202: E262: E270), kryddextrakt, färgämne (koncentrat av rädisa, E160a), jästextrakt, arom. Kokt produkt. *Ursprung: Sverige.",
				"navCategories": [
					{
						"code": "33439",
						"name": "Pålägg",
						"superCategories": [
							{
								"code": "39047203",
								"name": "Färskt",
								"superCategories": [
									{
										"code": "39033900",
										"name": "Vegetariskt",
										"superCategories": []
									}
								]
							}
						]
					}
				],
				"accreditedTags": [
					{
						"code": "FRAN_SVERIGE",
						"description": "Svenskt ursprung",
						"imageUrl": "https://res.cloudinary.com/coopsverige/image/upload/v1545316510/cooponline/Labels'/40px/grafik-m-rkning-bild-stor-fr-n-sverige.png",
						"priority": 300
					}
				],
				"maxStorageTemperature": "8",
				"packageSize": 100.0,
				"packageSizeInformation": "100 g",
				"packageSizeUnit": "Gram",
				"salesPrice": 27.95,
				"salesPriceData": {
					"b2cPrice": 27.95,
					"b2bPrice": 24.96
				},
				"piecePrice": 27.95,
				"piecePriceData": {
					"b2cPrice": 27.95,
					"b2bPrice": 24.96
				},
				"salesUnit": "Styck",
				"comparativePriceText": "kr/kg",
				"comparativePrice": 279.5,
				"comparativePriceData": {
					"b2cPrice": 279.5,
					"b2bPrice": 249.55
				},
				"articleSold": false,
				"deposit": 0.0,
				"depositData": {
					"b2cPrice": 0.0,
					"b2bPrice": 0.0
				},
				"vat": {
					"code": "vat-full-2",
					"value": 12.0,
					"type": "Percentage"
				},
				"nutrientLinks": [
					{
						"amount": [
							"710"
						],
						"description": "Energi",
						"unit": "Kilojoule"
					},
					{
						"amount": [
							"171"
						],
						"description": "Energi",
						"unit": "Kilokalori"
					},
					{
						"amount": [
							"15"
						],
						"description": "Fett",
						"unit": "Gram"
					},
					{
						"amount": [
							"1"
						],
						"description": "Varav mättat fett",
						"unit": "Gram"
					},
					{
						"amount": [
							"0.9"
						],
						"description": "Kolhydrat",
						"unit": "Gram"
					},
					{
						"amount": [
							"0.8"
						],
						"description": "Varav sockerarter",
						"unit": "Gram"
					},
					{
						"amount": [
							"8"
						],
						"description": "Protein",
						"unit": "Gram"
					},
					{
						"amount": [
							"2.6"
						],
						"description": "Salt",
						"unit": "Gram"
					}
				],
				"animalFoodData": {},
				"fromSweden": true,
				"availableOnline": true,
				"declarationOfOrigin": "Ursprung: Sverige",
				"countryOfOriginCodes": [
					{
						"code": "752",
						"value": "Sverige"
					}
				],
				"isMagazine": false,
				"nutrientBasis": {
					"quantity": 100.0
				},
				"pharmaceuticalData": {
					"isPharmaceutical": false
				},
				"nutrientInformation": [
					{
						"header": {
							"nutrientBasisQuantity": 100.0,
							"nutrientBasisQuantityType": "BY_MEASURE",
							"nutrientBasisQuantityUnit": {
								"code": "GRM",
								"value": "Gram"
							}
						}
					}
				],
				"sustainabilityInfo": [
					{
						"productScore": [
							{
								"score": 2.0,
								"param": "Biologisk mångfald",
								"paramId": "biodiversity"
							},
							{
								"score": 1.5,
								"param": "Klimat",
								"paramId": "climate"
							},
							{
								"score": 1.5,
								"param": "Bördighet",
								"paramId": "soil_fertility"
							},
							{
								"score": 1.5,
								"param": "Vatten",
								"paramId": "water"
							},
							{
								"score": 1.5,
								"param": "Bekämpningsmedel",
								"paramId": "pesticides"
							},
							{
								"score": 2.0,
								"param": "Övergödning",
								"paramId": "eutrophication"
							},
							{
								"score": null,
								"param": "Djuromsorg och antibiotika",
								"paramId": "animal_welfare_antibiotics"
							},
							{
								"score": 1.5,
								"param": "Arbetsförhållanden",
								"paramId": "working_conditions"
							},
							{
								"score": 1.5,
								"param": "Lokalbefolkning",
								"paramId": "local_population"
							},
							{
								"score": 1.5,
								"param": "Lagefterlevnad och spårbarhet",
								"paramId": "compliance_traceability"
							}
						]
					}
				],
				"sustainabilityInfoApplicable": true
			},
			{
				"id": "7330797077606",
				"type": "Product",
				"ean": "7330797077606",
				"name": "Vegoskivor Tomat & Basilika",
				"manufacturerName": "Pärsons",
				"description": "Pärsons Vegoskivor Tomat & Basilika är ett ovo-vegetariskt (äggbaserat) färdigskivat smörgåspålägg. Skivorna är varsamt kryddade med tomat och basilika för att få en riktigt rund och god smak med tydlig karaktär. Ett perfekt vegetariskt alternativ på mackan, till frukost, lunch eller utflykt!",
				"imageUrl": "http://res.cloudinary.com/coopsverige/image/upload/v1648486144/cloud/250309.tiff",
				"listOfIngredients": "INGREDIENSER: ÄGGVITA* 81%, rapsolja*, vatten, förtjockningsmedel (E407: E410: E415), salt, kryddor (bl.a. koriander, ingefära, lök), tomatflingor, basilika, dextros, konserveringsmedel (E202: E262: E270), kryddextrakt, färgämne (koncentrat av rädisa, E160a), jästextrakt, arom. Kokt produkt. *Ursprung: Sverige.",
				"navCategories": [
					{
						"code": "33439",
						"name": "Pålägg",
						"superCategories": [
							{
								"code": "39047203",
								"name": "Färskt",
								"superCategories": [
									{
										"code": "39033900",
										"name": "Vegetariskt",
										"superCategories": []
									}
								]
							}
						]
					}
				],
				"accreditedTags": [
					{
						"code": "FRAN_SVERIGE",
						"description": "Svenskt ursprung",
						"imageUrl": "https://res.cloudinary.com/coopsverige/image/upload/v1545316510/cooponline/Labels'/40px/grafik-m-rkning-bild-stor-fr-n-sverige.png",
						"priority": 300
					}
				],
				"maxStorageTemperature": "8",
				"packageSize": 100.0,
				"packageSizeInformation": "100 g",
				"packageSizeUnit": "Gram",
				"salesPrice": 27.95,
				"salesPriceData": {
					"b2cPrice": 27.95,
					"b2bPrice": 24.96
				},
				"piecePrice": 27.95,
				"piecePriceData": {
					"b2cPrice": 27.95,
					"b2bPrice": 24.96
				},
				"salesUnit": "Styck",
				"comparativePriceText": "kr/kg",
				"comparativePrice": 279.5,
				"comparativePriceData": {
					"b2cPrice": 279.5,
					"b2bPrice": 249.55
				},
				"articleSold": false,
				"deposit": 0.0,
				"depositData": {
					"b2cPrice": 0.0,
					"b2bPrice": 0.0
				},
				"vat": {
					"code": "vat-full-2",
					"value": 12.0,
					"type": "Percentage"
				},
				"nutrientLinks": [
					{
						"amount": [
							"676"
						],
						"description": "Energi",
						"unit": "Kilojoule"
					},
					{
						"amount": [
							"163"
						],
						"description": "Energi",
						"unit": "Kilokalori"
					},
					{
						"amount": [
							"14"
						],
						"description": "Fett",
						"unit": "Gram"
					},
					{
						"amount": [
							"0.9"
						],
						"description": "Varav mättat fett",
						"unit": "Gram"
					},
					{
						"amount": [
							"1"
						],
						"description": "Kolhydrat",
						"unit": "Gram"
					},
					{
						"amount": [
							"0.8"
						],
						"description": "Varav sockerarter",
						"unit": "Gram"
					},
					{
						"amount": [
							"8.3"
						],
						"description": "Protein",
						"unit": "Gram"
					},
					{
						"amount": [
							"2.7"
						],
						"description": "Salt",
						"unit": "Gram"
					}
				],
				"animalFoodData": {},
				"allergyInfo": [
					{
						"code": "VEGETARIAN"
					}
				],
				"fromSweden": true,
				"availableOnline": true,
				"declarationOfOrigin": "Ursprung: Sverige",
				"countryOfOriginCodes": [
					{
						"code": "752",
						"value": "Sverige"
					}
				],
				"isMagazine": false,
				"nutrientBasis": {
					"quantity": 100.0
				},
				"pharmaceuticalData": {
					"isPharmaceutical": false
				},
				"nutrientInformation": [
					{
						"header": {
							"nutrientBasisQuantity": 100.0,
							"nutrientBasisQuantityType": "BY_MEASURE",
							"nutrientBasisQuantityUnit": {
								"code": "GRM",
								"value": "Gram"
							}
						}
					}
				],
				"sustainabilityInfo": [
					{
						"productScore": [
							{
								"score": 2.0,
								"param": "Biologisk mångfald",
								"paramId": "biodiversity"
							},
							{
								"score": 1.5,
								"param": "Klimat",
								"paramId": "climate"
							},
							{
								"score": 1.5,
								"param": "Bördighet",
								"paramId": "soil_fertility"
							},
							{
								"score": 1.5,
								"param": "Vatten",
								"paramId": "water"
							},
							{
								"score": 1.5,
								"param": "Bekämpningsmedel",
								"paramId": "pesticides"
							},
							{
								"score": 2.0,
								"param": "Övergödning",
								"paramId": "eutrophication"
							},
							{
								"score": null,
								"param": "Djuromsorg och antibiotika",
								"paramId": "animal_welfare_antibiotics"
							},
							{
								"score": 1.5,
								"param": "Arbetsförhållanden",
								"paramId": "working_conditions"
							},
							{
								"score": 1.5,
								"param": "Lokalbefolkning",
								"paramId": "local_population"
							},
							{
								"score": 1.5,
								"param": "Lagefterlevnad och spårbarhet",
								"paramId": "compliance_traceability"
							}
						]
					}
				],
				"sustainabilityInfoApplicable": true
			}
		]
	}
}